2467 3900
693 227 770 268 AB
797 227 1049 268 EXGESSU
1075 227 1206 268 DIVI
1230 225 1488 268 AUGUSTI
1510 227 1557 268 Π
1585 228 1753 267 59-63.
1989 270 1995 276 ,
2057 223 2132 280 97

432 387 539 451 61.
604 385 913 451 Ceterum
961 386 1390 451 Germanicus
1451 386 1594 450 aliis
1639 407 1894 472 quoque
1943 387 2134 452 mira-

294 492 463 557 culis
519 489 797 555 intendit
852 489 1168 572 animum,
1230 511 1502 574 quorum
1562 492 1910 576 praecipua
1952 492 2136 557 fuere

296 595 665 662 Memnonis
712 615 913 659 saxea
958 593 1225 680 effigies,
1272 595 1385 661 ubi
1428 596 1624 660 radiis
1669 596 1824 661 solis
1852 596 1982 660 icta
2013 603 2131 681 est,

291 702 595 766 vocalem
642 719 890 764 sonum¹
916 678 1202 763 redden's
1251 699 1677 788 disiectasque
1725 701 1894 766 inter
1926 708 1992 767 et
2021 701 2134 767 vix

290 805 551 890 'pervias
596 823 827 868 arenas
871 803 1071 867 instar
1100 805 1417 869 montium
1451 804 1722 870 eductae
1759 805 2174 890 pyramidess

290 909 651 974 certamine
685 913 753 972 et
786 908 1017 993 opibus
1046 928 1279 992 regum
1307 910 1614 993 lacusque
1639 910 1878 974 effossa
1907 911 2128 994 hum0,

288 1011 749 1098 superfluentis
768 1011 903 1075 Nili
932 1012 1368 1096 receptacula3
1400 1020 1596 1098 atque
1615 1012 1769 1077 alibi
1793 1015 2125 1098 angustiae

288 1122 362 1182 et
416 1117 740 1202 profunda
762 1181 776 1212 x
798 1115 1071 1181 altitudo
1133 1117 1326 1181 nullis
1386 1117 1843 1202 inquirentium
1902 1119 2125 1204 spatiis

284 1221 731 1306 penetrabilis,
780 1220 934 1285 exin
962 1229 1231 1286 ventum
1248 1220 1724 1306 Elephantinen
1751 1242 1826 1286 ac
1845 1221 2122 1306 Syenen,

284 1325 570 1390 claustra
612 1323 767 1389 olim
796 1324 1077 1390 Romani
1123 1326 1398 1410 imperii,
1445 1326 1622 1411 quod
1658 1347 1826 1392 nunc
1856 1325 2122 1392 rubrum
2143 1347 2197 1388 ιο

285 1430 376 1495 ad
423 1450 601 1495 mare
648 1431 944 1515 patescit.

421 1536 527 1598 62.
590 1533 765 1598 Dum
827 1541 1037 1601 aestas
1086 1535 1480 1601 Germanico
1545 1535 1763 1619 plures
1809 1555 1928 1620 per
1969 1557 2121 1620 pro-

282 1637 527 1702 vincias
573 1638 964 1722 transigitur,
1009 1639 1185 1704 haud
1228 1639 1376 1704 leve
1409 1640 1606 1705 decus
1637 1639 1886 1704 Drusus
1920 1661 2118 1725 quae·

280 1743 434 1809 sivit
462 1742 756 1807 inliciens
790 1741 1153 1808 Germanos
1183 1744 1269 1807 ad
1303 1742 1656 1809 discordias
1685 1751 1885 1830 utque
1911 1743 2114 1810 fracto

278 1848 413 1911 iam
471 1847 881 1915 Maroboduo
952 1868 1156 1933 usque
1220 1849 1290 1912 in
1358 1846 1630 1912 exitium
1691 1848 2112 1913 insisteretur.

278 1958 423 2018 erat
482 1954 653 2020 inter
712 1953 1007 2022 Gotones
1064 1953 1304 2020 nobilis
1357 1953 1634 2019 iuvenis.
1665 1954 1926 2019 nomine
1991 1953 2154 2019 Οτι-ε

273 2056 521 2122 tualda.
595 2057 906 2143 profugus
954 2056 1109 2122 olim
1152 2057 1220 2122 vi
1249 2056 1658 2137 Marobodui,
1706 2062 1858 2121 tunc
1898 2058 2108 2123 dubiis

274 2162 473 2227 rebus
517 2163 834 2226 ultionem
880 2180 1148 2226 ausurus
1193 2160 1411 2226 valida
1437 2182 1630 2225 manu
1661 2160 1822 2224 fines
1851 2160 2106 2225 Marco-

274 2283 617 2332 manorum
672 2266 1033 2351 ingreditur
1094 2263 1536 2350 corruptisq‘ue
1591 2265 1979 2350 primoribus
2023 2267 2108 2330 ad

272 2369 659 2435 societatem
720 2369 1029 2454 inrumpit
1092 2368 1342 2453 regiam
1401 2368 1862 2454 castellumque
1925 2370 2108 2434 iuxta

269 2475 489 2540 situm.
579 2480 835 2540 veteres
880 2474 1012 2538 illic
1058 2474 1424 2539 Sueborum
1449 2472 1734 2558 praedae
1767 2480 1833 2538 et
1867 2475 2106 2540 nostris
2123 2496 2178 2537 10

271 2600 314 2644 e
359 2578 709 2664 provinciis
752 2579 925 2643 lixae
972 2599 1047 2643 ac
1106 2579 1549 2663 negotiatores
1605 2578 1879 2663 reperti,
1944 2599 2105 2664 quos

268 2683 373 2747 ius
434 2682 836 2765 commercii,
902 2682 1054 2749 dein
1114 2679 1352 2767 cupido
1411 2681 1695 2766 augendi
1738 2682 2104 2767 pecuniam,

268 2792 604 2872 postremo
654 2787 893 2852 oblivio
928 2786 1175 2872 patriae
1207 2785 1340 2851 suis
1373 2805 1696 2870 quemque
1728 2786 1808 2851 ab
1841 2786 2104 2852 sedibus

270 2889 579 2955 hostilem
622 2890 691 2953 in
736 2909 961 2973 agrum
1004 2889 1443 2954 transtulerat.

406 2996 510 3058 63.
578 2994 986 3060 Maroboduo
1049 2993 1340 3077 undique
1406 2993 1666 3059 deserto
1731 3014 1865 3058 non
1925 2994 2101 3059 aliud

266 3099 632 3165 subsidium
665 3122 856 3186 quam
888 3097 1332 3164 misericordia
1365 3098 1660 3165 Caesaris
1691 3099 1828 3163 fuit.
1893 3104 2100 3163 trans·-

268 3223 530 3289 gressus
560 3205 953 3286 Danuvium,
984 3224 1113 3290 qua
1141 3203 1449 3268 Noricam
1480 3204 1879 3289 provinciam
1909 3224 2098 3288 prae-

263 3309 430 3392 fluit,
476 3310 732 3395 scripsit
772 3309 1035 3374 Tiberio
1080 3328 1213 3373 non
1259 3313 1331 3371 ut
1376 3306 1653 3392 supplex
1695 3305 1811 3371 sed
1845 3328 1930 3370 ex
1957 3327 2095 3373 me-

266 3416 478 3480 moria
520 3415 752 3500 prioris
796 3416 1127 3481 fortunae:
1176 3412 1394 3476 multis
1424 3410 1788 3476 nationibus
1822 3411 2140 3477 clarissi-es

375 3525 616 3566 Cornelius
644 3526 845 3566 Tacitus.
888 3526 924 3565 1.
1753 3518 1784 3567 6
