2467 3900
648 223 723 261 AB
749 221 1001 262 EXOESSU
1028 223 1159 264 DIVI
1182 221 1440 264 AUGUSTI
1464 221 1526 260 IV
1553 223 1696 262 9—12.
1974 219 2084 276 167

256 381 529 464 gressu?
576 379 727 464 quin
764 379 981 464 potius
1010 379 1372 444 ministrum
1403 379 1636 446 veneni
1669 381 2086 463 excruciaret,

257 489 585 549 auctorem
634 485 1023 568 exquireret,
1070 484 1262 548 insita
1306 484 1583 570 denique
1630 487 1826 553 etiam
1871 487 1940 549 in
1970 507 2086 550 ex-

255 597 515 656 traneos
561 591 967 655 cunctatione
1014 597 1079 654 et
1124 612 1308 656 mora
1349 590 1694 656 adversum
1731 591 1990 654 unicum
2023 597 2088 656 et

258 695 494 760 nullius
540 702 690 761 ante
735 696 962 780 flagitii
994 702 1370 781 conpertum
1403 696 1740 760 uteretur?
1789 694 1907 760 sed
1939 697 2089 780 quia

256 800 525 866 Seianus
554 803 911 866 facinorum
948 801 1230 866 omnium
1262 799 1558 884 repertor
1589 799 1968 880 habebatur,
2004 821 2090 864 ex
2108 823 2158 863 ιο

256 907 449 971 nimia
507 907 773 972 caritate
829 906 897 969 in
957 926 1105 970 eum
1152 905 1444 970 Caesaris
1499 909 1566 968 et
1611 909 1975 968 ceterorum
2022 903 2088 966 in

254 1016 595 1094 utrumque
646 1008 795 1072 odio
844 1009 1135 1093 quamvis
1174 1009 1470 1074 fabulosa
1516 1013 1584 1072 et
1612 1007 1916 1073 immania
1949 1027 2084 1070 cre-

258 1112 604 1195 debantur,
661 1113 977 1177 atrociore
1036 1133 1292 1198 semper
1334 1112 1502 1178 fama
1550 1131 1704 1194 erga
1749 1111 2086 1175 dominan-

254 1219 415 1282 tium
462 1217 694 1282 exitus.
778 1215 939 1282 ordo
986 1217 1228 1302 alioqui
1273 1216 1538 1282 sceleris
1565 1236 1701 1304 *per
1744 1212 2088 1299 Apicatam

255 1321 581 1406 proditae,
640 1321 979 1386 tormentis
1022 1320 1304 1386 Eudemi
1349 1342 1426 1384 ac
1468 1319 1683 1405 Lygdi
1729 1319 2088 1405 patefactus
2106 1340 2157 1380 15
2231 1391 2235 1400 ,

260 1432 377 1490 est.
450 1445 661 1509 neque
694 1425 1029 1510 quisquam
1070 1426 1344 1510 scriptor
1373 1430 1506 1489 tam
1535 1425 1820 1490 infensus
1853 1425 2086 1507 extitit,

256 1536 327 1592 ut
353 1527 611 1594 Tiberio
648 1530 1020 1612 obiectaret‚
1056 1553 1199 1594 cum
1233 1531 1448 1596 omnia
1479 1531 1605 1594 alia
1634 1521 2096 1616 conquirerent

254 1631 813 1717 intenderentque.
902 1634 1059 1698 mihi
1122 1634 1420 1700 tradendi
1479 1634 1918 1721 arguendique
1978 1658 2085 1700 ru-

257 1739 455 1801 moris
518 1759 709 1802 causa
770 1739 921 1822 fuit,
984 1746 1057 1803 ut
1120 1740 1290 1805 claro
1351 1741 1470 1804 sub
1529 1741 1832 1823 exemplo
1894 1739 2086 1804 falsas

258 1840 622 1906 auditiones
669 1841 1069 1928 depellerem
1105 1849 1525 1928 peteremque
1559 1844 1640 1906 ab
1670 1842 1768 1926 iis,
1815 1864 2086 1928 quorum
2103 1867 2158 1906 20

256 1945 325 2011 in
367 1966 595 2011 manus
642 1968 793 2011 cura
835 1953 1058 2013 nostra
1101 1947 1371 2030 venerit,
1419 1945 1748 2029 divulgata
1782 1968 1866 2011 ne
1898 1945 2087 2014 avide

256 2059 521 2138 accepta
563 2052 737 2118 veris
780 2071 992 2135 neque
1037 2052 1104 2115 in
1149 2050 1528 2115 miraculum
1559 2051 1877 2135 corruptis
1907 2057 2084 2115 ante-

256 2157 559 2220 habeant.

391 2259 493 2322 12.
554 2257 861 2323 Ceterum
918 2256 1224 2323 laudante
1281 2259 1485 2323 filium
1544 2279 1662 2344 pro
1709 2258 1934 2323 rostris
1978 2259 2086 2324 Ti-

256 2361 437 2425 berio
476 2366 745 2457 ,senatus
801 2362 1211 2448 populusque
1268 2362 1560 2427 habitum
1607 2383 1682 2427 ac
1727 2383 1922 2428 voces
1970 2363 2086 2429 do-

260 2465 507 2530 lentum
562 2466 971 2531 simulatione
1030 2466 1239 2550 magis
1285 2487 1478 2550 quam
1523 2466 1734 2531 libens
1777 2467 2088 2533 induebat

260 2568 652 2655 domumque
703 2570 1071 2637 Germanici
1132 2570 1526 2635 revirescere
1587 2572 1824 2636 occulti
1883 2572 2084 2638 laeta-

258 2674 509 2738 bantur.
586 2674 761 2759 quod
804 2674 1190 2760 principium
1232 2674 1474 2739 favoris
1513 2681 1578 2739 et
1605 2680 1814 2742 mater
1843 2674 2084 2761 Agrip·
2103 2702 2129 2739 5

258 2778 409 2863 pina
466 2798 648 2863 spem
706 2778 873 2845 male
930 2784 1163 2861 tegens
1208 2777 1564 2862 perniciem
1610 2777 2088 2844 adceleravere.

254 2902 405 2946 nam
462 2880 733 2948 Seianus
794 2882 905 2947 ubi
970 2882 1149 2947 videt
1212 2888 1492 2947 mortem
1553 2882 1750 2947 Drusi
1815 2884 2086 2947 inultam

252 2986 791 3071 interfectoribus,
838 2988 976 3053 sine
1022 3007 1318 3053 maerore
1364 2986 1624 3072 publico
1674 3008 1851 3070 esse,
1897 2988 2085 3054 ferox

256 3092 575 3155 scelerum
636 3097 704 3157 et
765 3092 915 3177 quia
975 3091 1183 3176 prima
1246 3096 1718 3176 provenerant,
1787 3090 2083 3155 volutare

256 3215 478 3260 secum
534 3218 815 3281 quonam
870 3196 1067 3261 modo
1119 3196 1487 3264 Germanici
1529 3196 1772 3260 liberos
1817 3216 2080 3282 perver-
2102 3217 2152 3257 10

252 3303 441 3382 teret,
488 3322 763 3384 quorum
797 3322 927 3365 non
960 3300 1155 3367 dubia
1191 3302 1538 3367 successio·
1611 3320 1822 3386 neque
1866 3300 2082 3385 spargi

251 3423 572 3482 venenum
628 3406 697 3471 in
748 3412 880 3473 tres
925 3413 1181 3493 poterat
1226 3407 1494 3491 egregia
1539 3404 1880 3469 custodum
1927 3404 2080 3471 fide.
