2467 3900
695 260 770 298 AB
797 260 1049 300 EXCESSU
1073 261 1203 300 DIVI
1228 261 1484 301 AUGUSTI
1509 263 1573 301 VI
1598 265 1665 302 4-
1680 264 1717 303 ¹7.
1986 261 2094 316 221

281 423 535 507 scripti,
589 428 700 486 aut
743 443 868 507 quo
916 421 1113 486 modo
1161 421 1441 498 scribam,
1482 427 1591 486 aut
1637 421 1792 504 quid
1840 421 2099 486 omnino

278 547 407 590 non
457 526 898 596 scribatuhoc
943 534 1271 612 tempore,
1321 526 1387 588 di
1430 547 1533 590 me
1581 525 1871 610 deaeque
1918 526 2103 612 peius

279 629 556 714 perdant
599 652 790 714 quam
819 633 1032 715 perire
1066 631 1305 694 cotidie
1338 630 1567 711 sentio,
1611 630 1666 692 si
1697 629 1874 694 sci0.‘
1936 631 2102 696 adeo
2122 655 2147 692 5

279 735 568 800 facinora
607 741 801 820 atque
845 736 1088 819 flagitia
1135 757 1250 800 sua
1280 735 1405 820 ipsi
1450 756 1706 820 quoque
1746 734 1813 798 in
1858 735 2104 820 suppli-

282 841 450 904 cium
507 846 856 905 verterant.
959 861 1168 924 neque
1231 839 1465 904 frustra
1522 840 2104 924 praestantissimus

281 945 636 1028 sapientiae
667 943 922 1007 firmare
949 943 1173 1007 solitus
1207 953 1327 1013 est.
1358 943 1411 1006 si
1442 943 1854 1008 recludantur
1887 951 2103 1028 tyran-

281 1068 514 1113 norum
580 1053 865 1128 mentes,
931 1067 1124 1130 posse
1193 1047 1395 1131 aspici
1455 1047 1728 1110 laniatus
1792 1053 1857 1113 et
1923 1049 2105 1132 ictus,

283 1150 540 1236 quando
573 1157 645 1212 ut
676 1169 953 1234 corpora
972 1151 1369 1233 verberibuS,
1400 1151 1491 1214 ita
1520 1151 1789 1215 saevitia
1818 1151 2107 1236 libidine,
2125 1174 2175 1212 10

285 1253 469 1317 malis
529 1252 838 1316 consultis
897 1253 1143 1316 animus
1203 1254 1608 1318 dilaceretur.
1702 1255 1940 1340 quippe
1998 1255 2109 1318 Ti-

283 1358 535 1422 berium
580 1379 711 1422 non
755 1357 1032 1441 fortuna,
1076 1379 1208 1424 non
1254 1358 1633 1423 solitudines
1680 1359 2111 1444 protegebant

287 1463 442 1546 quin
497 1467 824 1526 tormenta
881 1464 1160 1548 pectoris
1211 1486 1487 1549 suasque
1540 1465 1681 1549 ipse
1727 1486 1971 1549 poenas
2014 1464 2109 1530 fa-

285 1573 550 1631 teretur.
1216 1581 1222 1588 '

423 1675 480 1734 7.
545 1669 710 1736 Tum
753 1673 922 1736 facta
967 1674 1254 1758 patribus
1287 1680 1609 1759 potestate
1658 1675 1983 1738 statuendi
2028 1674 2113 1738 de

289 1774 362 1840 O.
427 1774 793 1840 Caeciliano
859 1784 1156 1841 senatore
1175 1826 1192 1860 ,
1257 1779 1367 1862 qui
1430 1779 1706 1862 plurima
1770 1777 2112 1842 adversum

290 1878 551 1944 Cottam
593 1888 1021 1971 prompserat,
1067 1882 1374 1968 placitum
1404 1882 1679 1946 eandem
1706 1903 1985 1967 poenam
2014 1882 2109 1945 in-

292 1985 516 2069 rogari>
553 2006 746 2069 quam
789 1985 857 2048 in
898 1985 1249 2051 Aruseium
1296 1993 1361 2051 et
1405 1986 1859 2071 Sanquinium,
1922 2006 2111 2050 accu-

287 2094 536 2151 satores
563 2088 637 2151 L.
669 2088 998 2169 Arruntii3
1044 2111 1170 2175 quo
1217 2112 1350 2155 non
1380 2090 1556 2155 aliud
1586 2090 2111 2155 honorificentius
2129 2112 2153 2149 5

291 2190 525 2256 Cottae
575 2194 824 2273 evenit,
883 2194 992 2277 qui
1049 2196 1283 2260 nobilis
1319 2195 1592 2281 quidem
1635 2202 1734 2259 set
1780 2217 1977 2280 egens
2024 2195 2110 2260 ob

288 2296 530 2377 luxum,
574 2316 693 2380 per
736 2298 981 2382 flagitia
1023 2299 1309 2381 infamis,
1358 2300 1773 2365 sanctissimis
1820 2300 2113 2363 Arruntii

289 2399 528 2463 artibus
579 2398 892 2484 dignitate
938 2401 1201 2466 ultionis
1248 2404 1662 2487 aequabatur.

422 2503 497 2579 Q.
546 2503 864 2569 Servaeus
909 2506 1182 2589 posthac
1213 2513 1279 2569 et
1307 2506 1623 2571 Minucius
1652 2507 1969 2571 Thermus
2012 2506 2109 2570 in-

290 2609 484 2691 ducti,
517 2608 838 2673 Servaeus
870 2615 1172 2693 praetura
1199 2610 1457 2673 functus
1490 2615 1556 2673 et
1586 2608 1913 2693 quondam
1945 2610 2109 2674 Ger-

289 2712 525 2777 manici
571 2732 822 2795 comeS,
877 2713 1201 2790 Minucius
1249 2716 1533 2798 equestri
1576 2714 1757 2795 1000,
1814 2713 2109 2778 modeste

289 2816 508 2882 habita
535 2816 752 2880 Seiani
797 2818 1108 2898 amicitia3
1155 2816 1327 2881 unde
1372 2818 1499 2881 illis
1529 2818 1735 2881 maior
1766 2817 2114 2881 miseratio,

291 2926 515 2985 contra
559 2920 856 2984 Tiberius
914 2920 1299 3006 praecipuos
1352 2920 1438 2985 ad
1486 2921 1731 2985 scelera
1774 2922 2156 3003 increpans5

289 3024 624 3089 admonuit
656 3023 727 3088 O.
765 3024 1052 3089 Cestium
1091 3034 1343 3110 patrem
1386 3026 1601 3089 dicere
1650 3027 1903 3090 senatui
1932 3046 2111 3110 quae

290 3130 412 3194 sibi
457 3130 811 3214 scripsisset
857 3131 1267 3215 suscepitque
1316 3129 1571 3195 Cestius
1616 3130 2111 3194 accusationem.

291 3233 466 3316 quod
510 3233 792 3299 maxime
825 3234 1154 3299 exitiabile
1199 3233 1407 3299 tulere
1453 3236 1565 3298 illa
1608 3239 1921 3317 tempora,
1969 3254 2115 3297 cum

290 3338 606 3422 primores
652 3343 911 3402 senatus
969 3338 1218 3403 infimas
1276 3340 1471 3405 etiam
1519 3339 1878 3403 delationes
1925 3359 2111 3403 exer-

293 3448 532 3524 cerent,
575 3442 686 3506 alii
731 3441 1083 3526 propalam,
1130 3444 1314 3506 multi
1346 3464 1463 3528 per
1496 3441 1851 3524 occultum3
1900 3462 2109 3527 neque
2130 3468 2181 3506 10
