2467 3900
1021 229 1364 270 PRAEFATIO.
1492 253 1501 278 x
2019 249 2095 283 m

153 383 162 392 ’
273 388 484 453 Taciti
509 391 698 454 esse?
744 390 928 456 Idem
960 391 1136 455 valet
1169 391 1249 456 de
1283 389 1570 480 adhibito
1596 391 1875 456 ablativo
1904 412 2095 476 quem

275 494 500 557 dicunt
545 515 810 559 causae:
857 516 1011 560 num
1040 496 1176 559 veri
1208 497 1416 560 simile
1451 501 1549 559 est
1581 495 1858 560 eundem
1894 498 2091 582 scrip-

275 607 488 662 torem
536 597 810 664 dixisse:
859 596 920 679 (I
970 601 1074 680 10)
1109 603 1394 683 pietatem
1439 599 1621 684 [erqa
1641 599 1999 683 parentem]
2040 606 2097 664 et

276 707 549 784 tempora
592 700 721 784 [rei
749 701 1069 785 publicae]
1112 703 1373 767 obtentui
1397 710 1645 786 sumpta
1690 703 1759 784 (i.
1793 725 1849 769 e.
1889 705 1977 768 ab
2008 720 2095 769 eo

271 806 418 886 esse)
463 814 528 871 et
575 806 636 887 (I
667 811 705 870 8
729 806 804 888 13)
850 814 982 870 tum
1026 809 1428 871 consultatum
1480 807 1553 872 de
1600 808 1967 889 honoribus;
2022 829 2094 872 ea·

271 912 415 995 quis
471 913 739 976 manime
794 913 1058 995 insiynes
1101 911 1288 994 [vise]
1301 962 1319 994 7
1375 919 1444 975 ut
1490 919 1677 996 porta
1730 912 2097 996 triumphali

272 1014 593 1078 duceretur
618 1014 851 1098 funus,
900 1016 1118 1080 Gallus
1145 1018 1422 1096 Asinius,
1469 1023 1537 1079 ut
1579 1018 1776 1100 leyum
1817 1017 2094 1080 latarum

271 1121 454 1204 tituli,
497 1121 798 1184 victarum
842 1122 929 1186 ab
969 1138 1052 1188 eo
1087 1123 1360 1206 qentiurn
1394 1119 1683 1184 voeabula
1722 1117 2095 1202 anteferren-

269 1230 380 1286 tur
392 1274 410 1306 7
460 1224 536 1288 L.
579 1226 926 1290 Arruntius
970 1249 1263 1291 censuere.
1336 1225 1595 1290 addebat
1635 1225 1921 1290 Messalla
1976 1226 2096 1288 Va-

269 1329 460 1393 lerius
493 1331 912 1395 renovandum
930 1355 1050 1416 per
1078 1353 1273 1397 annos
1300 1338 1751 1396 sacramentum
1780 1332 1848 1394 in
1877 1349 2095 1394 nomen

279 1433 516 1497 Tiberii
524 1458 550 1516 ,·
591 1436 1109 1521 interr-oyatusque
1152 1455 1193 1500 a
1227 1435 1520 1502 Tiberio
1556 1485 1569 1500 .
1605 1483 1620 1498 .
1653 1485 1667 1501 .
1714 1436 2091 1518 praesertim

272 1557 423 1600 cum
455 1537 712 1602 Tacitus
745 1561 934 1624 quam
970 1541 1458 1625 diligentissime
1490 1546 1716 1606 caveat
1744 1562 1827 1604 ne
1863 1539 2090 1604 eadem

269 1641 473 1704 verba
519 1649 583 1707 et
627 1645 889 1707 nomina
929 1644 1100 1708 intra
1134 1645 1323 1708 nimis
1359 1646 1556 1710 breve
1594 1648 1909 1708 sermonis
1947 1665 2091 1726 spa-

269 1744 435 1807 tium
480 1745 671 1809 iteret
721 1745 820 1826 (ut
863 1745 967 1809 hic
1011 1746 1140 1811 loci
1175 1748 1449 1829 yentium
1501 1747 1871 1812 voeabula
1929 1749 2094 1813 dixit

273 1850 356 1913 ob
395 1850 765 1933 proximum
809 1852 888 1913 in
933 1871 1200 1914 nomen
1248 1850 1555 1915 Tiberii
1599 1860 1663 1917 et
1700 1854 1893 1937 paulo
1931 1851 2095 1916 infra

273 1953 504 2017 Caesar
549 1976 665 2041 pro
723 1954 1051 2038 Tiberius).
1118 1958 1334 2022 Etiam
1375 1958 1440 2020 in
1486 1956 1869 2021 adhibendis
1908 1958 2092 2023 omit-

267 2058 568 2123 tendisve
616 2060 1103 2144 pronominibus
1149 2062 1529 2145 possessivis
1581 2066 1647 2124 et
1693 2061 2092 2125 demonstra-

271 2162 420 2225 tivis
457 2165 685 2227 eadem
729 2163 893 2228 mira
930 2164 1043 2228 illa
1079 2164 1508 2254 inconstantia
1541 2164 1881 2246 invenitur,
1928 2184 2093 2248 quae

269 2287 536 2350 prorsus
584 2267 795 2338 aliena
825 2267 1112 2350 putanda
1143 2274 1242 2331 est
1270 2289 1417 2332 cum
1447 2269 1528 2332 ab
1563 2268 1806 2352 optimo
1838 2289 2094 2353 quoque

274 2372 586 2455 scriptore
622 2377 760 2435 tum
790 2393 828 2434 a
857 2371 1101 2451 Tacito,
1135 2393 1329 2456 quem
1367 2394 1651 2437 summae
1683 2372 1983 2437 brevitati
2007 2374 2098 2435 ita

271 2476 536 2540 studere
595 2481 667 2540 ut
722 2475 1031 2560 quidquid
1085 2477 1480 2561 superfluum
1523 2476 1750 2560 procul
1794 2481 2095 2540 amoveat

270 2600 464 2644 nemo
524 2580 879 2663 negaverit.
967 2580 1047 2643 In
1102 2580 1203 2642 his
1263 2581 1456 2644 rebus
1514 2581 1679 2644 hanc
1738 2600 1861 2664 ego
1922 2580 2095 2645 viam

276 2686 602 2767 ingressus
652 2706 793 2749 sum
837 2691 909 2748 ut
953 2708 1084 2749 non
1132 2685 1347 2748 omnia
1389 2692 1501 2766 est,
1544 2690 1718 2767 sunt,
1761 2704 1908 2766 esse,
1950 2686 2097 2765 eius,

271 2790 401 2853 alia
435 2789 500 2852 id
539 2810 744 2873 genus
781 2809 1258 2874 supervacanea
1293 2785 1359 2851 in
1394 2789 1516 2852 hac
1563 2788 1846 2853 editione
1881 2810 2094 2854 remo-

271 2916 527 2976 verem,
579 2894 694 2960 sed
741 2915 820 2959 ea
863 2902 1109 2959 tantum
1158 2908 1322 2979 quae
1368 2895 1472 2959 vel
1519 2896 1661 2979 ipsa
1706 2896 2093 2979 repetitione

272 3001 545 3063 molesta
591 3000 976 3065 videbantur
1020 3020 1160 3064 esse
1210 2997 1295 3080 (e.
1329 3018 1391 3081 g.
1436 2997 1473 3061 I
1516 3001 1627 3062 838
1672 3006 1740 3062 ut
1780 3000 2097 3083 sepultura

269 3101 475 3184 [eius]
535 3106 738 3189 quieta
766 3104 983 3186 foret.
1019 3153 1033 3169 .
1067 3153 1116 3187 .,
1174 3104 1208 3167 Ι
1258 3107 1341 3167 94
1403 3104 1473 3167 in
1514 3124 1633 3188 quo
1669 3111 1853 3188 pater
1894 3102 2096 3186 [eius]

278 3206 557 3272 Octaviae
611 3211 799 3272 vitam
843 3208 1148 3292 finivisset
1193 3258 1208 3273 .
1244 3258 1259 3273 .
1294 3257 1309 3273 .
1386 3210 1421 3273 I
1467 3211 1504 3272 9
1531 3231 1581 3269 10
1628 3216 1693 3272 at
1734 3208 1909 3293 apud
1945 3230 2097 3292 pru-

275 3312 474 3376 dentes
501 3315 624 3376 vita
655 3311 857 3394 [eius]
887 3315 1054 3377 varie
1082 3314 1469 3378 extollebatur
1492 3313 1956 3397 arquebaturve)
1989 3313 2095 3378 vel

273 3417 430 3480 alias
462 3418 545 3481 ob
590 3439 810 3484 causas
847 3424 1164 3505 suspecta.
1237 3418 1328 3481 At
1359 3419 1541 3500 haec,
1584 3438 1748 3499 cum,
1795 3422 1866 3481 ut
1904 3439 2097 3502 supra
