2467 3900
400 213 511 270 140
1054 219 1333 260 CORNELII
1359 220 1555 260 mAcrrI

392 397 570 461 ver0,
602 377 714 442 sed
746 377 875 442 fide
907 399 981 441 ac
1012 379 1248 441 virtute
1279 379 1552 462 legatos,
1586 399 1655 442 se
1690 378 1969 442 consiliis
1993 399 2222 463 super-

390 481 608 560 fuisse.
699 482 888 545 simul
933 502 1179 561 causaS‚
1230 504 1341 546 cur
1384 504 1518 547 non
1562 483 1732 566 ipse,
1791 505 1922 547 non
1966 483 2220 548 Drusus

346 608 372 645 5
390 585 684 670 profecti,
716 584 1013 648 adiunxit
1041 586 1552 669 magnitudinem
1582 587 1838 672 imperii
1862 588 2217 653 extollens:

388 711 601 775 neque
641 690 945 755 decorum
974 690 1387 774 principibus,
1433 692 1486 755 si
1516 713 1644 756 una
1674 692 1959 758 alterave
1992 692 2217 756 civitas

386 796 623 878 turbet,
672 795 971 859 omissam
1016 795 1262 877 urbem,
1308 794 1482 860 unde
1527 795 1594 859 in
1642 795 1856 860 omnia
1899 796 2215 880 regimen.

386 921 557 964 nunc
596 899 745 983 quia
786 919 913 962 non
964 904 1139 962 metu
1172 899 1460 982 ducatur,
1505 899 1764 982 iturum,
1806 906 1878 963 ut
1908 921 2213 985 praesen-

387 1004 476 1067 tia
538 1007 860 1087 spectaret
923 1008 1493 1087 componeretque.
1585 1003 1932 1068 decrevere
1997 1009 2214 1088 patres

317 1132 367 1172 10
384 1112 537 1171 vota
596 1127 713 1190 pro
778 1105 990 1170 reditu
1052 1105 1191 1169 eius
1252 1106 1880 1191 supplicationesque
1943 1113 2008 1171 et
2065 1109 2212 1172 alia.

384 1210 559 1275 solus
611 1208 959 1274 Dolabella
1014 1207 1384 1290 CorneliUS‚
1444 1210 1596 1274 dum
1654 1211 1898 1276 anteire
1960 1217 2212 1275 ceteros

382 1321 589 1398 parat,
649 1315 994 1380 absurdam
1038 1314 1105 1377 in
1151 1313 1589 1378 adulationem
1633 1335 2011 1399 progressus
2059 1336 2208 1379 cen-

382 1420 509 1483 suit
552 1426 623 1484 ut
671 1440 866 1483 ovans
915 1440 950 1482 e
985 1417 1336 1502 Campania
1365 1420 1593 1483 urbem
1625 1419 1938 1484 introiret.
2013 1421 2210 1504 igitur

382 1529 643 1588 secutae
692 1522 985 1587 Caesaris
1029 1522 1306 1604 litterae,
1353 1523 1582 1606 quibus
1629 1545 1698 1588 se
1743 1545 1874 1589 non
1919 1530 2053 1588 tam
2096 1546 2209 1589 va-

311 1649 363 1692 15
384 1648 571 1690 cuum
605 1626 813 1710 gloria
843 1625 1277 1710 praedicabat,
1308 1632 1382 1689 ut
1410 1633 1559 1711 post
1587 1626 2016 1691 ferocissimas
2045 1648 2205 1710 gen-

380 1738 478 1797 tes
522 1731 933 1817 perdomitas,
981 1736 1079 1795 tot
1123 1738 1421 1815 receptos
1466 1730 1533 1794 in
1576 1731 1840 1795 iuventa
1885 1739 1996 1796 aut
2025 1753 2205 1817 spre-

378 1842 480 1901 tos
536 1835 894 1920 triumphos
928 1835 1080 1898 'iam
1138 1835 1355 1898 senior
1397 1835 1934 1918 peregrinationis
1980 1836 2205 1900 subur-

376 1942 583 2008 banae
629 1941 818 2005 inane
865 1939 1223 2025 praemium
1270 1942 1540 2024 peteret.

508 2048 610 2110 48.
676 2045 806 2109 Sub
864 2044 1038 2108 idem
1097 2051 1353 2127 tempus
1399 2048 1473 2106 ut
1517 2028 1691 2108 mors
1736 2045 1999 2129 Sulpicii
2046 2045 2202 2119 Qui-

375 2151 498 2215 rini
528 2149 799 2235 publicis
832 2147 1155 2232 exsequiis
1188 2148 1705 2232 frequentaretur
1735 2150 1984 2235 petivit.
2042 2150 2206 2213 nihil

375 2254 460 2317 ad
490 2258 775 2319 veterem
810 2256 877 2315 et
903 2251 1238 2336 patriciam
1263 2252 1690 2335 Sulpiciorum
1717 2253 2024 2316 familiam
2049 2252 2204 2327 Qui-

374 2358 574 2421 rinius
605 2355 915 2442 pertinuit
947 2361 1122 2419 ortus
1154 2354 1328 2440 apud
1358 2355 1776 2441 municipium
1806 2356 2199 2421 Lanuvium:
2255 2354 2264 2357 ’

329 2460 491 2529 σεθᾶ
548 2459 823 2545 impiger
878 2458 1144 2523 militiae
1205 2463 1270 2521 et
1328 2458 1579 2522 acribus
1634 2459 2001 2524 ministeriis
2047 2481 2199 2523 con-

372 2564 648 2628 sulatum
700 2563 818 2626 sub
867 2562 1016 2627 divo
1063 2560 1394 2646 AugustO,
1454 2582 1610 2625 mox
1656 2564 2039 2647 expugnatis
2083 2584 2204 2647 per

375 2668 666 2733 Ciliciam
694 2666 1299 2733 Homonadensium
1347 2666 1624 2730 castellis
1669 2667 2198 2751 insigniatrium-

368 2774 481 2858 phi
526 2773 798 2857 adeptus
845 2772 1160 2855 datusque
1205 2775 1421 2835 rector
1470 2769 1632 2834 Gaio
1675 2770 1937 2835 Caesari
1967 2769 2199 2835 Arme-

370 2879 542 2941 niam
596 2876 910 2962 optinenti
953 2874 1285 2938 Tiberium
1328 2894 1583 2959 quoque
1628 2873 1848 2937 Rhodi
1895 2880 2200 2960 agentem

300 3006 353 3048 10
372 2982 678 3046 coluerat.
768 2979 943 3063 quod
999 2984 1151 3043 tunc
1204 2979 1512 3063 patefecit
1557 2979 1831 3043 laudatis
1876 2980 1940 3043 in
1988 2999 2057 3043 se
2106 2979 2198 3042 of-

367 3086 527 3151 ficiis
575 3090 640 3149 et
682 3084 970 3147 incusato
1016 3084 1105 3148 M.
1142 3082 1377 3165 Lollio,
1424 3102 1618 3167 quem
1664 3089 1994 3149 auctorem
2030 3084 2194 3149 Gaio

371 3189 631 3256 Caesari
674 3188 1008 3275 pravitatis
1054 3193 1119 3251 et
1166 3186 1632 3251 discordiarum
1676 3188 2009 3271 arguebat.
2079 3188 2196 3253 sed

368 3294 599 3358 ceteris
656 3292 832 3357 haud
879 3292 1053 3356 laeta
1092 3292 1406 3356 memoria
1452 3291 1701 3365 Quirini
1747 3298 1884 3357 erat
1931 3293 2012 3357 ob
2060 3314 2196 3357 sor-

370 3396 588 3461 didam
634 3403 699 3461 et
744 3402 1238 3482 praepotentem
1284 3402 1630 3461 senectam.
