2467 3900
340 219 451 275 148
996 225 1273 265 conunnn
1299 225 1494 265 'rAcm

335 381 578 446 vincias
620 381 1159 465 prohiberentur:
1223 404 1394 448 nune
1443 383 1638 448 deum
1680 405 1947 450 munere
1995 407 2164 449 sum-

335 509 511 552 mum
568 487 941 572 pontificum
1002 487 1196 551 etiam
1266 510 1581 553 summum
1625 489 1956 554 hominum
2001 511 2164 572 esse,

336 614 465 657 non
512 590 948 673 aemulationi,
992 612 1129 656 non
1160 592 1310 656 odio
1347 599 1458 712 aut
1489 593 1756 677 privatis
1785 591 2164 658 adfectioni-

264 712 316 751 20
335 697 455 760 bus
502 695 872 759 obnoxium.
1218 711 1227 720 ’

464 799 569 863 59.
628 797 963 864 Adversus
1011 821 1175 884 quae
1225 821 1372 864 cum
1417 820 1625 883 augur
1667 799 1982 866 Lentulus
2027 800 2164 864 alii-

336 926 460 990 que
503 904 677 970 varie
716 903 1124 986 dissererent,
1174 925 1253 968 eo
1297 904 1642 969 decursum
1688 911 1788 968 est
1830 911 1902 968 ut
1945 905 2160 989 ponti-

334 1009 469 1073 ficis
530 1007 795 1073 maximi
853 1004 1243 1072 sententiam
1309 1009 1778 1093 opperirentur.
1868 1008 2160 1074 Tiberius

336 1114 535 1178 dilata
578 1113 843 1177 notione
902 1109 982 1178 de
1044 1112 1186 1175 iure
1242 1111 1516 1176 flaminis
1579 1110 1870 1176 decretas
1917 1112 2002 1176 ob
2047 1112 2158 1175 tri-

290 1241 314 1278 5
333 1219 654 1283 buniciam
676 1218 875 1282 Drusi
906 1221 1300 1301 potestatem
1331 1215 1751 1280 caerimonias
1777 1216 2161 1300 temperavit

332 1321 709 1386 nominatim
766 1341 1045 1404 arguens
1097 1318 1514 1383 insolentiam
1566 1319 1923 1384 sententiae
1970 1312 2156 1384 aure-

334 1445 529 1510 asque
587 1408 857 1487 litteras
886 1430 1108 1488 contra
1158 1423 1439 1507 patrium
1486 1443 1757 1489 morem.
1845 1425 2155 1488 recitatae

334 1536 399 1594 et
440 1528 637 1594 Drusi
683 1526 998 1611 epistulae
1046 1548 1433 1613 quamquam
1480 1527 1563 1592 ad
1608 1528 1994 1594 modestiam
2037 1530 2154 1592 fle-

331 1653 454 1697 xae
500 1653 619 1718 pro
652 1631 1127 1716 superbissimis
1172 1629 1592 1717 accipiuntur.
1661 1633 1788 1697 huc
1835 1633 2152 1698 decidisse

260 1758 313 1798 10
334 1744 579 1818 cuncta,
610 1743 683 1800 ut
710 1756 793 1800 ne
822 1736 1075 1801 iuvenis
1109 1735 1372 1820 quidem
1402 1743 1582 1801 tanto
1606 1738 1856 1802 honore
1883 1742 2152 1821 accepto

331 1842 539 1906 adiret
577 1839 753 1904 urbis
784 1839 966 1921 deos,
1010 1838 1462 1922 ingrederetur
1501 1847 1818 1920 senatum,
1869 1842 2154 1925 auspicia

332 1948 559 2014 saltem
604 1945 847 2031 gentile
906 1943 1082 2029 apud
1125 1944 1333 2010 solum
1380 1943 1714 2030 inciperet.
1803 1945 2152 2011 bellantem

330 2054 575 2118 scilicet
620 2051 877 2115 diverso
924 2056 1244 2114 terrarum
1291 2044 1604 2131 distineri,
1650 2050 1852 2115 litora·
1877 2056 1945 2114 et
1973 2052 2152 2116 lacus

332 2156 719 2241 Campaniae
765 2175 909 2217 cum
954 2153 1238 2217 maxime
1274 2161 1751 2238 peragrantem.
1799 2156 1910 2219 'sic
1950 2155 2150 2219 imbui

261 2284 311 2323 15
329 2267 649 2326 rectorem
693 2257 953 2343 generis
999 2257 1298 2340 humani,
1343 2257 1410 2321 id
1455 2259 1731 2342 primum
1781 2280 1818 2323 e
1863 2259 2150 2343 paternis
2221 2334 2226 2340 .

332 2361 613 2428 consiliis
672 2361 942 2426 discere.
992 2382 1187 2427 sane
1248 2370 1650 2444 gravaretur
1682 2369 2012 2448 aspectum
2059 2364 2149 2427 ci-

330 2468 503 2530 vium
547 2485 747 2530 senex
776 2466 1129 2550 imperator
1158 2464 1524 2550 fessamque
1557 2460 1838 2531 aetatem
1873 2472 1939 2531 et
1969 2472 2148 2531 actos

328 2572 585 2637 labores
629 2568 1117 2655 praetenderet.
1171 2570 1388 2633 Druso
1439 2570 1610 2655 quod
1657 2570 1780 2635 nisi
1827 2591 1911 2635 ex
1957 2571 2148 2688 adro-

330 2677 549 2759 gantia
591 2674 1177 2759 impedimentum?

460 2782 562 2844 60.
625 2778 756 2843 Sed
785 2778 1105 2843 Tiberius
1122 2778 1258 2841 vim
1305 2778 1702 2863 principatus
1739 2777 1860 2842 sibi
1887 2778 2148 2841 firmans

328 2884 679 2968 imag-inem
723 2881 1121 2964 antiquitatis
1160 2884 1411 2946 senatui
1441 2881 1794 2966 praebebat
1822 2878 2150 2966 postulata

328 2987 801 3074 provinciarum
845 2984 929 3047 ad
974 2985 1489 3069 disquisitionem
1521 2994 1775 3071 patrum
1804 2984 2145 3051 mittendo.

329 3090 773 3159 crebrescebat
837 3090 1011 3154 enim
1072 3091 1366 3155 Graecas
1439 3112 1558 3176 per
1623 3092 1818 3155 urbes
1887 3080 2148 3155 licentia

282 3226 307 3263 5
326 3207 518 3283 atque
585 3192 931 3277 impunitas
994 3193 1175 3277 asyla
1243 3195 1602 3276 statuendi;
1677 3195 2148 3280 conplebantur

325 3302 569 3385 templa
606 3296 902 3383 pessimis
941 3296 1386 3380 servitiorum3
1435 3299 1669 3363 eodem
1703 3298 1992 3364 subsidio
2029 3297 2146 3363 ob-

327 3404 526 3470 aerati
562 3402 904 3467 adversum
938 3398 1295 3465 creditores
1327 3403 1735 3486 suspectique
1776 3403 2144 3487 capitalium
