<?xml version="1.0" encoding="UTF-8"?>
<!DOCTYPE html PUBLIC "-//W3C//DTD XHTML 1.0 Transitional//EN"
    "http://www.w3.org/TR/xhtml1/DTD/xhtml1-transitional.dtd">
<html xmlns="http://www.w3.org/1999/xhtml" xml:lang="en" lang="en">
 <head>
  <title>
</title>
<meta http-equiv="Content-Type" content="text/html;charset=utf-8" />
  <meta name='ocr-system' content='tesseract 3.04.00' />
  <meta name='ocr-capabilities' content='ocr_page ocr_carea ocr_par ocr_line ocrx_word'/>
</head>
<body>
  <div class='ocr_page' id='page_1' title='image "./corneliitacitia00gitlgoog_0117.png"; bbox 0 0 2467 3900; ppageno 0'>
   <div class='ocr_carea' id='block_1_1' title="bbox 674 177 2118 235">
    <p class='ocr_par' dir='ltr' id='par_1_1' title="bbox 674 177 2118 235">
     <span class='ocr_line' id='line_1_1' title="bbox 674 177 2118 235; baseline 0.004 -15"><span class='ocrx_word' id='word_1_1' title='bbox 674 181 750 220; x_wconf 76' lang='lat' dir='ltr'>AB</span> <span class='ocrx_word' id='word_1_2' title='bbox 776 179 1027 222; x_wconf 75' lang='lat' dir='ltr'>nxcnssu</span> <span class='ocrx_word' id='word_1_3' title='bbox 1054 180 1185 220; x_wconf 74' lang='lat' dir='ltr'>mVI</span> <span class='ocrx_word' id='word_1_4' title='bbox 1212 179 1468 222; x_wconf 76' lang='lat' dir='ltr'>AUGUSTI</span> <span class='ocrx_word' id='word_1_5' title='bbox 1491 179 1539 219; x_wconf 91' lang='lat'>11</span> <span class='ocrx_word' id='word_1_6' title='bbox 1567 180 1734 222; x_wconf 67' lang='grc' dir='ltr'>ἰθ-77.</span> <span class='ocrx_word' id='word_1_7' title='bbox 2002 177 2118 235; x_wconf 89' lang='lat'>105</span> 
     </span>
    </p>
   </div>
   <div class='ocr_carea' id='block_1_2' title="bbox 272 340 2202 3448">
    <p class='ocr_par' dir='ltr' id='par_1_2' title="bbox 277 340 2202 1762">
     <span class='ocr_line' id='line_1_2' title="bbox 421 340 2120 428; baseline 0.001 -22"><span class='ocrx_word' id='word_1_8' title='bbox 421 341 521 406; x_wconf 85' lang='grc'>75.</span> <span class='ocrx_word' id='word_1_9' title='bbox 566 340 661 406; x_wconf 86' lang='lat' dir='ltr'>At</span> <span class='ocrx_word' id='word_1_10' title='bbox 688 341 1069 428; x_wconf 86' lang='lat' dir='ltr'>Agrippina,</span> <span class='ocrx_word' id='word_1_11' title='bbox 1116 362 1503 427; x_wconf 90' lang='lat' dir='ltr'>quamquam</span> <span class='ocrx_word' id='word_1_12' title='bbox 1549 340 1804 406; x_wconf 87' lang='lat' dir='ltr'>defessa</span> <span class='ocrx_word' id='word_1_13' title='bbox 1841 340 2020 407; x_wconf 89' lang='lat' dir='ltr'>luctu</span> <span class='ocrx_word' id='word_1_14' title='bbox 2053 347 2120 407; x_wconf 90' lang='lat' dir='ltr'>et</span> 
     </span>
     <span class='ocr_line' id='line_1_3' title="bbox 288 445 2120 532; baseline -0.001 -20"><span class='ocrx_word' id='word_1_15' title='bbox 288 466 565 532; x_wconf 87' lang='lat' dir='ltr'>corpore</span> <span class='ocrx_word' id='word_1_16' title='bbox 632 467 865 532; x_wconf 88' lang='lat' dir='ltr'>aegro,</span> <span class='ocrx_word' id='word_1_17' title='bbox 942 446 1225 511; x_wconf 89' lang='lat' dir='ltr'>omnium</span> <span class='ocrx_word' id='word_1_18' title='bbox 1291 451 1511 512; x_wconf 86' lang='lat' dir='ltr'>tamen</span> <span class='ocrx_word' id='word_1_19' title='bbox 1579 465 1742 530; x_wconf 91' lang='lat' dir='ltr'>quae</span> <span class='ocrx_word' id='word_1_20' title='bbox 1808 445 2120 512; x_wconf 89' lang='lat' dir='ltr'>ultionem</span> 
     </span>
     <span class='ocr_line' id='line_1_4' title="bbox 284 548 2117 616; baseline 0 -2"><span class='ocrx_word' id='word_1_21' title='bbox 284 555 687 616; x_wconf 82' lang='lat' dir='ltr'>morarentur</span> <span class='ocrx_word' id='word_1_22' title='bbox 741 549 1101 616; x_wconf 83' lang='lat' dir='ltr'>intolerans·</span> <span class='ocrx_word' id='word_1_23' title='bbox 1154 549 1448 615; x_wconf 90' lang='lat' dir='ltr'>ascendit</span> <span class='ocrx_word' id='word_1_24' title='bbox 1506 548 1777 614; x_wconf 78' lang='lat' dir='ltr'><strong>classem</strong></span> <span class='ocrx_word' id='word_1_25' title='bbox 1835 569 1982 614; x_wconf 91' lang='lat' dir='ltr'>cum</span> <span class='ocrx_word' id='word_1_26' title='bbox 2029 550 2117 614; x_wconf 89' lang='lat' dir='ltr'>ci-</span> 
     </span>
     <span class='ocr_line' id='line_1_5' title="bbox 283 653 2117 737; baseline 0 -19"><span class='ocrx_word' id='word_1_27' title='bbox 283 654 547 720; x_wconf 89' lang='lat' dir='ltr'>neribus</span> <span class='ocrx_word' id='word_1_28' title='bbox 580 653 953 720; x_wconf 81' lang='lat' dir='ltr'>Germanici</span> <span class='ocrx_word' id='word_1_29' title='bbox 998 661 1063 720; x_wconf 88' lang='lat' dir='ltr'>et</span> <span class='ocrx_word' id='word_1_30' title='bbox 1105 653 1324 720; x_wconf 90' lang='lat' dir='ltr'>liberis</span> <span class='ocrx_word' id='word_1_31' title='bbox 1371 654 1822 734; x_wconf 77' lang='lat' dir='ltr'>miserantibus</span> <span class='ocrx_word' id='word_1_32' title='bbox 1854 654 2117 737; x_wconf 87' lang='lat' dir='ltr'>cunetis,</span> 
     </span>
     <span class='ocr_line' id='line_1_6' title="bbox 285 757 2160 845; baseline -0.002 -21"><span class='ocrx_word' id='word_1_33' title='bbox 285 759 461 845; x_wconf 90' lang='lat' dir='ltr'>quod</span> <span class='ocrx_word' id='word_1_34' title='bbox 488 759 727 824; x_wconf 86' lang='lat' dir='ltr'>femina</span> <span class='ocrx_word' id='word_1_35' title='bbox 755 759 1090 824; x_wconf 87' lang='lat' dir='ltr'>nobilitate</span> <span class='ocrx_word' id='word_1_36' title='bbox 1119 758 1438 844; x_wconf 88' lang='lat' dir='ltr'>princeps,</span> <span class='ocrx_word' id='word_1_37' title='bbox 1462 757 1891 842; x_wconf 87' lang='lat' dir='ltr'>pulcherrimo</span> <span class='ocrx_word' id='word_1_38' title='bbox 1920 758 2114 822; x_wconf 91' lang='lat' dir='ltr'>modo</span> <span class='ocrx_word' id='word_1_39' title='bbox 2136 782 2160 820; x_wconf 78' lang='lat'><strong>⁶</strong></span> 
     </span>
     <span class='ocr_line' id='line_1_7' title="bbox 284 863 2118 948; baseline -0.002 -20"><span class='ocrx_word' id='word_1_40' title='bbox 284 863 694 928; x_wconf 85' lang='lat' dir='ltr'>matrimonio</span> <span class='ocrx_word' id='word_1_41' title='bbox 760 863 928 929; x_wconf 87' lang='lat' dir='ltr'>inter</span> <span class='ocrx_word' id='word_1_42' title='bbox 990 864 1356 930; x_wconf 85' lang='lat' dir='ltr'>venerantis</span> <span class='ocrx_word' id='word_1_43' title='bbox 1417 863 1858 947; x_wconf 80' lang='lat' dir='ltr'>gratantisque</span> <span class='ocrx_word' id='word_1_44' title='bbox 1917 863 2118 948; x_wconf 81' lang='lat' dir='ltr'>aspici</span> 
     </span>
     <span class='ocr_line' id='line_1_8' title="bbox 284 966 2119 1052; baseline 0 -20"><span class='ocrx_word' id='word_1_45' title='bbox 284 968 509 1050; x_wconf 83' lang='lat' dir='ltr'>solita,</span> <span class='ocrx_word' id='word_1_46' title='bbox 564 974 719 1033; x_wconf 85' lang='lat' dir='ltr'>tune</span> <span class='ocrx_word' id='word_1_47' title='bbox 774 967 991 1033; x_wconf 88' lang='lat' dir='ltr'>feralis</span> <span class='ocrx_word' id='word_1_48' title='bbox 1046 967 1348 1052; x_wconf 83' lang='lat' dir='ltr'>reliquias</span> <span class='ocrx_word' id='word_1_49' title='bbox 1396 967 1539 1030; x_wconf 91' lang='lat' dir='ltr'>sinu</span> <span class='ocrx_word' id='word_1_50' title='bbox 1584 966 1815 1048; x_wconf 85' lang='lat' dir='ltr'>ferret,</span> <span class='ocrx_word' id='word_1_51' title='bbox 1873 966 2119 1032; x_wconf 88' lang='lat' dir='ltr'>incerta</span> 
     </span>
     <span class='ocr_line' id='line_1_9' title="bbox 280 1069 2114 1154; baseline -0.002 -17"><span class='ocrx_word' id='word_1_52' title='bbox 280 1072 577 1154; x_wconf 88' lang='lat' dir='ltr'>ultionis,</span> <span class='ocrx_word' id='word_1_53' title='bbox 637 1073 829 1136; x_wconf 83' lang='lat' dir='ltr'>anxia</span> <span class='ocrx_word' id='word_1_54' title='bbox 889 1071 987 1136; x_wconf 91' lang='lat' dir='ltr'>sui</span> <span class='ocrx_word' id='word_1_55' title='bbox 1044 1077 1110 1137; x_wconf 92' lang='lat' dir='ltr'>et</span> <span class='ocrx_word' id='word_1_56' title='bbox 1165 1070 1464 1136; x_wconf 85' lang='lat' dir='ltr'>fortunae</span> <span class='ocrx_word' id='word_1_57' title='bbox 1523 1069 1763 1135; x_wconf 87' lang='lat' dir='ltr'>totiens</span> <span class='ocrx_word' id='word_1_58' title='bbox 1811 1069 2114 1134; x_wconf 83' lang='lat' dir='ltr'>obnoxia.</span> 
     </span>
     <span class='ocr_line' id='line_1_10' title="bbox 280 1173 2114 1262; baseline -0.002 -22"><span class='ocrx_word' id='word_1_59' title='bbox 280 1176 591 1241; x_wconf 87' lang='lat' dir='ltr'>Pisonem</span> <span class='ocrx_word' id='word_1_60' title='bbox 634 1175 890 1240; x_wconf 80' lang='lat' dir='ltr'>interim</span> <span class='ocrx_word' id='word_1_61' title='bbox 940 1174 1113 1262; x_wconf 90' lang='lat' dir='ltr'>apud</span> <span class='ocrx_word' id='word_1_62' title='bbox 1148 1173 1354 1248; x_wconf 82' lang='lat' dir='ltr'>Coum</span> <span class='ocrx_word' id='word_1_63' title='bbox 1400 1173 1672 1239; x_wconf 90' lang='lat' dir='ltr'>insulam</span> <span class='ocrx_word' id='word_1_64' title='bbox 1710 1173 1970 1238; x_wconf 89' lang='lat' dir='ltr'>nuntius</span> <span class='ocrx_word' id='word_1_65' title='bbox 2001 1173 2114 1237; x_wconf 89' lang='lat' dir='ltr'>ad·-</span> 
     </span>
     <span class='ocr_line' id='line_1_11' title="bbox 280 1278 2181 1366; baseline -0.004 -20"><span class='ocrx_word' id='word_1_66' title='bbox 280 1280 572 1366; x_wconf 88' lang='lat' dir='ltr'>sequitur</span> <span class='ocrx_word' id='word_1_67' title='bbox 631 1279 988 1346; x_wconf 80' lang='lat' dir='ltr'>excessisse</span> <span class='ocrx_word' id='word_1_68' title='bbox 1047 1278 1520 1344; x_wconf 80' lang='lat' dir='ltr'>Germanicum.</span> <span class='ocrx_word' id='word_1_69' title='bbox 1613 1299 1738 1364; x_wconf 90' lang='lat' dir='ltr'>quo</span> <span class='ocrx_word' id='word_1_70' title='bbox 1797 1278 2181 1364; x_wconf 79' lang='lat' dir='ltr'>intempe-io</span> 
     </span>
     <span class='ocr_line' id='line_1_12' title="bbox 280 1380 2114 1469; baseline -0.001 -21"><span class='ocrx_word' id='word_1_71' title='bbox 280 1380 497 1448; x_wconf 73' lang='lat' dir='ltr'>rant&#39;er</span> <span class='ocrx_word' id='word_1_72' title='bbox 540 1388 808 1469; x_wconf 86' lang='lat' dir='ltr'>accepto</span> <span class='ocrx_word' id='word_1_73' title='bbox 858 1381 1073 1451; x_wconf 86' lang='lat' dir='ltr'>caedit</span> <span class='ocrx_word' id='word_1_74' title='bbox 1107 1383 1417 1465; x_wconf 82' lang='lat' dir='ltr'>victimas,</span> <span class='ocrx_word' id='word_1_75' title='bbox 1466 1381 1600 1446; x_wconf 90' lang='lat' dir='ltr'>adit</span> <span class='ocrx_word' id='word_1_76' title='bbox 1628 1383 1876 1468; x_wconf 87' lang='lat' dir='ltr'>templa</span> <span class='ocrx_word' id='word_1_77' title='bbox 1903 1403 2114 1468; x_wconf 90' lang='lat' dir='ltr'>neque</span> 
     </span>
     <span class='ocr_line' id='line_1_13' title="bbox 279 1486 2116 1572; baseline 0.001 -20"><span class='ocrx_word' id='word_1_78' title='bbox 279 1488 420 1572; x_wconf 89' lang='lat' dir='ltr'>ipse</span> <span class='ocrx_word' id='word_1_79' title='bbox 492 1487 799 1571; x_wconf 88' lang='lat' dir='ltr'>gaudium</span> <span class='ocrx_word' id='word_1_80' title='bbox 870 1486 1216 1552; x_wconf 88' lang='lat' dir='ltr'>moderans</span> <span class='ocrx_word' id='word_1_81' title='bbox 1281 1492 1348 1552; x_wconf 90' lang='lat' dir='ltr'>et</span> <span class='ocrx_word' id='word_1_82' title='bbox 1417 1488 1622 1572; x_wconf 86' lang='lat' dir='ltr'>magis</span> <span class='ocrx_word' id='word_1_83' title='bbox 1685 1488 2116 1554; x_wconf 78' lang='lat' dir='ltr'>insolescente</span> 
     </span>
     <span class='ocr_line' id='line_1_14' title="bbox 277 1591 2202 1676; baseline -0.001 -19"><span class='ocrx_word' id='word_1_84' title='bbox 277 1592 608 1674; x_wconf 89' lang='lat' dir='ltr'>Plancina,</span> <span class='ocrx_word' id='word_1_85' title='bbox 642 1611 805 1676; x_wconf 91' lang='lat' dir='ltr'>quae</span> <span class='ocrx_word' id='word_1_86' title='bbox 833 1591 1077 1656; x_wconf 86' lang='lat' dir='ltr'>luctum</span> <span class='ocrx_word' id='word_1_87' title='bbox 1106 1591 1378 1656; x_wconf 90' lang='lat' dir='ltr'>amissae</span> <span class='ocrx_word' id='word_1_88' title='bbox 1405 1591 1646 1656; x_wconf 91' lang='lat' dir='ltr'>sororis</span> <span class='ocrx_word' id='word_1_89' title='bbox 1674 1594 1811 1655; x_wconf 88' lang='lat' dir='ltr'>tum</span> <span class='ocrx_word' id='word_1_90' title='bbox 1839 1592 2116 1676; x_wconf 87' lang='lat' dir='ltr'>primum</span> <span class='ocrx_word' id='word_1_91' title='bbox 2197 1665 2202 1670; x_wconf 37' lang='grc'>,</span> 
     </span>
     <span class='ocr_line' id='line_1_15' title="bbox 281 1683 1019 1762; baseline 0 -1"><span class='ocrx_word' id='word_1_92' title='bbox 281 1697 453 1761; x_wconf 88' lang='lat' dir='ltr'>laeto</span> <span class='ocrx_word' id='word_1_93' title='bbox 502 1683 681 1762; x_wconf 71' lang='lat' dir='ltr'>cult‘u</span> <span class='ocrx_word' id='word_1_94' title='bbox 725 1696 1019 1761; x_wconf 84' lang='lat' dir='ltr'>mutavit.</span> 
     </span>
    </p>

    <p class='ocr_par' dir='ltr' id='par_1_3' title="bbox 272 1799 2178 3138">
     <span class='ocr_line' id='line_1_16' title="bbox 398 1799 2111 1886; baseline -0.001 -22"><span class='ocrx_word' id='word_1_95' title='bbox 398 1802 500 1866; x_wconf 86' lang='grc'>76.</span> <span class='ocrx_word' id='word_1_96' title='bbox 522 1799 911 1867; x_wconf 86' lang='lat' dir='ltr'>Adfluebant</span> <span class='ocrx_word' id='word_1_97' title='bbox 927 1802 1339 1865; x_wconf 87' lang='lat' dir='ltr'>centuriones</span> <span class='ocrx_word' id='word_1_98' title='bbox 1356 1801 1833 1884; x_wconf 88' lang='lat' dir='ltr'>monebantque</span> <span class='ocrx_word' id='word_1_99' title='bbox 1849 1822 1964 1886; x_wconf 86' lang='lat' dir='ltr'>pro</span> <span class='ocrx_word' id='word_1_100' title='bbox 1973 1823 2111 1886; x_wconf 91' lang='lat' dir='ltr'>mp-</span> 
     </span>
     <span class='ocr_line' id='line_1_17' title="bbox 275 1905 2114 1991; baseline -0.001 -20"><span class='ocrx_word' id='word_1_101' title='bbox 275 1913 345 1971; x_wconf 90' lang='lat' dir='ltr'>ta</span> <span class='ocrx_word' id='word_1_102' title='bbox 389 1906 484 1969; x_wconf 91' lang='lat' dir='ltr'>illi</span> <span class='ocrx_word' id='word_1_103' title='bbox 528 1905 858 1991; x_wconf 88' lang='lat' dir='ltr'>legionum</span> <span class='ocrx_word' id='word_1_104' title='bbox 904 1905 1148 1972; x_wconf 86' lang='lat' dir='ltr'>studia:</span> <span class='ocrx_word' id='word_1_105' title='bbox 1196 1910 1525 1991; x_wconf 88' lang='lat' dir='ltr'>repeteret</span> <span class='ocrx_word' id='word_1_106' title='bbox 1553 1905 1951 1991; x_wconf 82' lang='lat' dir='ltr'>provinciam</span> <span class='ocrx_word' id='word_1_107' title='bbox 1981 1925 2114 1970; x_wconf 88' lang='lat' dir='ltr'>non</span> 
     </span>
     <span class='ocr_line' id='line_1_18' title="bbox 274 2008 2112 2096; baseline -0.002 -21"><span class='ocrx_word' id='word_1_108' title='bbox 274 2011 417 2077; x_wconf 91' lang='lat' dir='ltr'>iure</span> <span class='ocrx_word' id='word_1_109' title='bbox 479 2011 756 2076; x_wconf 89' lang='lat' dir='ltr'>ablatam</span> <span class='ocrx_word' id='word_1_110' title='bbox 814 2016 882 2075; x_wconf 90' lang='lat' dir='ltr'>et</span> <span class='ocrx_word' id='word_1_111' title='bbox 939 2030 1230 2075; x_wconf 84' lang='lat' dir='ltr'>vacuam.</span> <span class='ocrx_word' id='word_1_112' title='bbox 1319 2010 1517 2095; x_wconf 88' lang='lat' dir='ltr'>igitur</span> <span class='ocrx_word' id='word_1_113' title='bbox 1573 2009 1730 2096; x_wconf 90' lang='lat' dir='ltr'>quid</span> <span class='ocrx_word' id='word_1_114' title='bbox 1786 2008 2112 2093; x_wconf 89' lang='lat' dir='ltr'>agendum</span> 
     </span>
     <span class='ocr_line' id='line_1_19' title="bbox 277 2113 2110 2200; baseline -0.001 -21"><span class='ocrx_word' id='word_1_115' title='bbox 277 2114 668 2180; x_wconf 85' lang='lat' dir='ltr'>consultanti</span> <span class='ocrx_word' id='word_1_116' title='bbox 711 2116 799 2180; x_wconf 82' lang='lat' dir='ltr'>M.</span> <span class='ocrx_word' id='word_1_117' title='bbox 837 2114 990 2178; x_wconf 92' lang='lat' dir='ltr'>Piso</span> <span class='ocrx_word' id='word_1_118' title='bbox 1037 2115 1205 2179; x_wconf 89' lang='lat' dir='ltr'>filius</span> <span class='ocrx_word' id='word_1_119' title='bbox 1251 2113 1728 2200; x_wconf 90' lang='lat' dir='ltr'>properandum</span> <span class='ocrx_word' id='word_1_120' title='bbox 1773 2114 1840 2179; x_wconf 90' lang='lat' dir='ltr'>in</span> <span class='ocrx_word' id='word_1_121' title='bbox 1884 2113 2110 2178; x_wconf 90' lang='lat' dir='ltr'>urbem</span> 
     </span>
     <span class='ocr_line' id='line_1_20' title="bbox 277 2217 2156 2315; baseline -0.001 -33"><span class='ocrx_word' id='word_1_122' title='bbox 277 2217 635 2315; x_wconf 52' lang='lat' dir='ltr'>censebatg</span> <span class='ocrx_word' id='word_1_123' title='bbox 667 2218 828 2283; x_wconf 91' lang='lat' dir='ltr'>nihil</span> <span class='ocrx_word' id='word_1_124' title='bbox 859 2218 1071 2283; x_wconf 88' lang='lat' dir='ltr'>adhuc</span> <span class='ocrx_word' id='word_1_125' title='bbox 1099 2218 1492 2303; x_wconf 86' lang='lat' dir='ltr'>inexpiabile</span> <span class='ocrx_word' id='word_1_126' title='bbox 1525 2217 1873 2283; x_wconf 91' lang='lat' dir='ltr'>admissum</span> <span class='ocrx_word' id='word_1_127' title='bbox 1901 2238 2112 2303; x_wconf 89' lang='lat' dir='ltr'>neque</span> <span class='ocrx_word' id='word_1_128' title='bbox 2131 2242 2156 2281; x_wconf 82' lang='lat'><strong>5</strong></span> 
     </span>
     <span class='ocr_line' id='line_1_21' title="bbox 274 2322 2110 2409; baseline 0 -22"><span class='ocrx_word' id='word_1_129' title='bbox 274 2324 677 2409; x_wconf 88' lang='lat' dir='ltr'>suspiciones</span> <span class='ocrx_word' id='word_1_130' title='bbox 736 2323 1069 2389; x_wconf 88' lang='lat' dir='ltr'>inbecillas</span> <span class='ocrx_word' id='word_1_131' title='bbox 1128 2328 1239 2389; x_wconf 88' lang='lat' dir='ltr'>aut</span> <span class='ocrx_word' id='word_1_132' title='bbox 1295 2323 1511 2387; x_wconf 89' lang='lat' dir='ltr'>inania</span> <span class='ocrx_word' id='word_1_133' title='bbox 1553 2322 1762 2387; x_wconf 87' lang='lat' dir='ltr'>famae</span> <span class='ocrx_word' id='word_1_134' title='bbox 1806 2322 2110 2408; x_wconf 89' lang='lat' dir='ltr'>pertime-</span> 
     </span>
     <span class='ocr_line' id='line_1_22' title="bbox 272 2426 2112 2512; baseline -0.001 -21"><span class='ocrx_word' id='word_1_135' title='bbox 272 2426 537 2492; x_wconf 88' lang='lat' dir='ltr'>scenda.</span> <span class='ocrx_word' id='word_1_136' title='bbox 628 2427 1017 2492; x_wconf 86' lang='lat' dir='ltr'>discordiam</span> <span class='ocrx_word' id='word_1_137' title='bbox 1074 2448 1231 2512; x_wconf 89' lang='lat' dir='ltr'>erga</span> <span class='ocrx_word' id='word_1_138' title='bbox 1279 2427 1734 2493; x_wconf 81' lang='lat' dir='ltr'>Germanicum</span> <span class='ocrx_word' id='word_1_139' title='bbox 1781 2426 1932 2491; x_wconf 94' lang='lat' dir='ltr'>odio</span> <span class='ocrx_word' id='word_1_140' title='bbox 1980 2426 2112 2491; x_wconf 84' lang='lat' dir='ltr'>for-</span> 
     </span>
     <span class='ocr_line' id='line_1_23' title="bbox 273 2518 2110 2618; baseline 0.001 -23"><span class='ocrx_word' id='word_1_141' title='bbox 273 2536 449 2596; x_wconf 89' lang='lat' dir='ltr'>tasse</span> <span class='ocrx_word' id='word_1_142' title='bbox 497 2532 779 2617; x_wconf 85' lang='lat' dir='ltr'>dignam,</span> <span class='ocrx_word' id='word_1_143' title='bbox 826 2554 959 2598; x_wconf 91' lang='lat' dir='ltr'>non</span> <span class='ocrx_word' id='word_1_144' title='bbox 1003 2554 1247 2617; x_wconf 82' lang='lat' dir='ltr'>poena3</span> <span class='ocrx_word' id='word_1_145' title='bbox 1294 2538 1359 2597; x_wconf 88' lang='lat' dir='ltr'>et</span> <span class='ocrx_word' id='word_1_146' title='bbox 1402 2518 1819 2618; x_wconf 80' lang='lat' dir='ltr'>ademptione</span> <span class='ocrx_word' id='word_1_147' title='bbox 1849 2532 2110 2617; x_wconf 84' lang='lat' dir='ltr'>provin·</span> 
     </span>
     <span class='ocr_line' id='line_1_24' title="bbox 274 2633 2112 2721; baseline 0.001 -23"><span class='ocrx_word' id='word_1_148' title='bbox 274 2634 415 2699; x_wconf 90' lang='lat' dir='ltr'>ciae</span> <span class='ocrx_word' id='word_1_149' title='bbox 462 2635 615 2700; x_wconf 89' lang='lat' dir='ltr'>satis</span> <span class='ocrx_word' id='word_1_150' title='bbox 659 2636 899 2700; x_wconf 84' lang='lat' dir='ltr'>factum</span> <span class='ocrx_word' id='word_1_151' title='bbox 944 2635 1239 2701; x_wconf 87' lang='lat' dir='ltr'>inimicis.</span> <span class='ocrx_word' id='word_1_152' title='bbox 1317 2633 1492 2720; x_wconf 87' lang='lat' dir='ltr'>quod</span> <span class='ocrx_word' id='word_1_153' title='bbox 1539 2636 1593 2700; x_wconf 90' lang='lat' dir='ltr'>si</span> <span class='ocrx_word' id='word_1_154' title='bbox 1635 2636 2112 2721; x_wconf 85' lang='lat' dir='ltr'>regrederetur,</span> 
     </span>
     <span class='ocr_line' id='line_1_25' title="bbox 277 2738 2178 2824; baseline -0.001 -23"><span class='ocrx_word' id='word_1_155' title='bbox 277 2738 631 2805; x_wconf 89' lang='lat' dir='ltr'>obsistente</span> <span class='ocrx_word' id='word_1_156' title='bbox 678 2738 899 2803; x_wconf 83' lang='lat' dir='ltr'>Sentio</span> <span class='ocrx_word' id='word_1_157' title='bbox 949 2738 1137 2805; x_wconf 86' lang='lat' dir='ltr'>civile</span> <span class='ocrx_word' id='word_1_158' title='bbox 1186 2738 1428 2804; x_wconf 89' lang='lat' dir='ltr'>bellum</span> <span class='ocrx_word' id='word_1_159' title='bbox 1473 2738 1701 2824; x_wconf 82' lang='lat' dir='ltr'>incipi3</span> <span class='ocrx_word' id='word_1_160' title='bbox 1755 2759 1878 2804; x_wconf 88' lang='lat' dir='ltr'>nec</span> <span class='ocrx_word' id='word_1_161' title='bbox 1925 2739 2112 2804; x_wconf 86' lang='lat' dir='ltr'>dura-</span> <span class='ocrx_word' id='word_1_162' title='bbox 2129 2761 2178 2799; x_wconf 85' lang='grc' dir='ltr'>οι</span> 
     </span>
     <span class='ocr_line' id='line_1_26' title="bbox 274 2843 2113 2930; baseline 0.002 -23"><span class='ocrx_word' id='word_1_163' title='bbox 274 2848 460 2907; x_wconf 85' lang='lat' dir='ltr'>turos</span> <span class='ocrx_word' id='word_1_164' title='bbox 520 2843 586 2906; x_wconf 91' lang='lat' dir='ltr'>in</span> <span class='ocrx_word' id='word_1_165' title='bbox 649 2843 935 2929; x_wconf 87' lang='lat' dir='ltr'>partibus</span> <span class='ocrx_word' id='word_1_166' title='bbox 1002 2843 1410 2909; x_wconf 85' lang='lat' dir='ltr'>centuriones</span> <span class='ocrx_word' id='word_1_167' title='bbox 1473 2843 1868 2929; x_wconf 86' lang='lat' dir='ltr'>militesque,</span> <span class='ocrx_word' id='word_1_168' title='bbox 1939 2844 2113 2930; x_wconf 91' lang='lat' dir='ltr'>apud</span> 
     </span>
     <span class='ocr_line' id='line_1_27' title="bbox 274 2946 2110 3034; baseline 0.003 -26"><span class='ocrx_word' id='word_1_169' title='bbox 274 2965 439 3030; x_wconf 92' lang='lat' dir='ltr'>quos</span> <span class='ocrx_word' id='word_1_170' title='bbox 497 2966 725 3011; x_wconf 90' lang='lat' dir='ltr'>recens</span> <span class='ocrx_word' id='word_1_171' title='bbox 784 2946 1195 3032; x_wconf 88' lang='lat' dir='ltr'>imperatoris</span> <span class='ocrx_word' id='word_1_172' title='bbox 1245 2948 1344 3011; x_wconf 90' lang='lat' dir='ltr'>sui</span> <span class='ocrx_word' id='word_1_173' title='bbox 1387 2948 1701 3013; x_wconf 89' lang='lat' dir='ltr'>memoria</span> <span class='ocrx_word' id='word_1_174' title='bbox 1748 2954 1811 3013; x_wconf 83' lang='lat' dir='ltr'>et</span> <span class='ocrx_word' id='word_1_175' title='bbox 1856 2950 2110 3034; x_wconf 87' lang='lat' dir='ltr'>penitus</span> 
     </span>
     <span class='ocr_line' id='line_1_28' title="bbox 273 3050 1680 3138; baseline 0.001 -24"><span class='ocrx_word' id='word_1_176' title='bbox 273 3050 510 3115; x_wconf 81' lang='lat' dir='ltr'>infixus</span> <span class='ocrx_word' id='word_1_177' title='bbox 552 3052 622 3117; x_wconf 88' lang='lat' dir='ltr'>in</span> <span class='ocrx_word' id='word_1_178' title='bbox 670 3050 981 3117; x_wconf 81' lang='lat' dir='ltr'>Caesares</span> <span class='ocrx_word' id='word_1_179' title='bbox 1028 3073 1210 3117; x_wconf 90' lang='lat' dir='ltr'>amor</span> <span class='ocrx_word' id='word_1_180' title='bbox 1256 3053 1680 3138; x_wconf 84' lang='lat' dir='ltr'>praevaleret.</span> 
     </span>
    </p>

    <p class='ocr_par' dir='ltr' id='par_1_4' title="bbox 272 3154 2110 3448">
     <span class='ocr_line' id='line_1_29' title="bbox 410 3154 2110 3238; baseline -0.001 -19"><span class='ocrx_word' id='word_1_181' title='bbox 410 3156 512 3220; x_wconf 87' lang='grc'>77.</span> <span class='ocrx_word' id='word_1_182' title='bbox 574 3154 815 3220; x_wconf 82' lang='lat' dir='ltr'>Contra</span> <span class='ocrx_word' id='word_1_183' title='bbox 870 3155 1197 3221; x_wconf 89' lang='lat' dir='ltr'>Domitius</span> <span class='ocrx_word' id='word_1_184' title='bbox 1261 3155 1482 3238; x_wconf 80' lang='lat' dir='ltr'>Celer,</span> <span class='ocrx_word' id='word_1_185' title='bbox 1547 3176 1632 3220; x_wconf 84' lang='lat' dir='ltr'>ex</span> <span class='ocrx_word' id='word_1_186' title='bbox 1689 3156 1914 3220; x_wconf 87' lang='lat' dir='ltr'>intima</span> <span class='ocrx_word' id='word_1_187' title='bbox 1972 3154 2110 3219; x_wconf 90' lang='lat' dir='ltr'>eius</span> 
     </span>
     <span class='ocr_line' id='line_1_30' title="bbox 274 3257 2110 3341; baseline 0 -18"><span class='ocrx_word' id='word_1_188' title='bbox 274 3259 589 3341; x_wconf 86' lang='lat' dir='ltr'>amicitia,</span> <span class='ocrx_word' id='word_1_189' title='bbox 655 3258 988 3324; x_wconf 86' lang='lat' dir='ltr'>disseruit:</span> <span class='ocrx_word' id='word_1_190' title='bbox 1060 3259 1375 3325; x_wconf 88' lang='lat' dir='ltr'>utendum</span> <span class='ocrx_word' id='word_1_191' title='bbox 1439 3264 1709 3341; x_wconf 80' lang='lat' dir='ltr'>eventu3</span> <span class='ocrx_word' id='word_1_192' title='bbox 1777 3257 2110 3341; x_wconf 87' lang='lat' dir='ltr'>Pisonem,</span> 
     </span>
     <span class='ocr_line' id='line_1_31' title="bbox 272 3361 2110 3448; baseline 0.001 -23"><span class='ocrx_word' id='word_1_193' title='bbox 272 3382 405 3426; x_wconf 86' lang='lat' dir='ltr'>non</span> <span class='ocrx_word' id='word_1_194' title='bbox 452 3361 742 3427; x_wconf 82' lang='lat' dir='ltr'>Sentium</span> <span class='ocrx_word' id='word_1_195' title='bbox 790 3362 1013 3427; x_wconf 82' lang='lat' dir='ltr'>Suriae</span> <span class='ocrx_word' id='word_1_196' title='bbox 1062 3363 1533 3448; x_wconf 78' lang='lat' dir='ltr'>praepositum:</span> <span class='ocrx_word' id='word_1_197' title='bbox 1596 3361 1745 3426; x_wconf 91' lang='lat' dir='ltr'>huic</span> <span class='ocrx_word' id='word_1_198' title='bbox 1789 3361 1994 3427; x_wconf 86' lang='lat' dir='ltr'>fasces</span> <span class='ocrx_word' id='word_1_199' title='bbox 2043 3369 2110 3429; x_wconf 90' lang='lat' dir='ltr'>et</span> 
     </span>
    </p>
   </div>
  </div>
 </body>
</html>
