2467 3900
775 193 850 232 AB
877 193 1132 234 EXOESSU
1157 194 1291 234 DIVI
1316 193 1572 235 AUGUSTI
1596 195 1644 235 11
1670 197 1839 238 37-39.
2137 193 2207 251 81

374 355 448 419 in
492 373 600 418 me
645 354 1078 420 transmittere
1129 376 1204 420 ac
1233 355 1415 420 velut
1434 355 1842 440 perfringere
1875 356 2210 440 aerarium,
2232 381 2281 420 15

377 458 557 544 quod
605 459 659 522 si
696 457 1049 525 ambitione
1082 460 1592 541 exhauserimus,
1635 482 1753 545 per
1784 462 2031 525 scelera
2060 483 2210 546 sup-

375 562 693 648 plendum
725 562 865 626 erit.
946 562 1128 626 dedit
1157 562 1297 644 tibi,
1328 560 1625 646 Hortale,
1660 563 1845 628 divus
1876 562 2212 648 Augustus
2276 623 2281 626 .

373 669 751 752 pecuniam,
809 665 927 731 sed
985 687 1118 730 non
1177 666 1581 752 conpellatus
1640 688 1763 733 nec
1824 689 1903 732 ea
1944 669 2093 753 lege
2138 674 2214 732 ut

375 793 635 856 semper
701 768 980 836 daretur.
1034 766 1426 854 ¹languescet
1462 772 1703 857 alioqui
1732 773 2067 858 industria,
2112 774 2209 838 in-

371 877 683 941 tendetur
727 875 1043 957 socordia,
1091 877 1145 939 si
1189 876 1405 940 nullus
1446 897 1532 940 ex
1563 898 1633 941 se
1662 883 1873 942 metus
1900 883 2012 942 aut
2042 898 2209 963 spes,
2230 898 2281 937 20

376 988 447 1046 et
491 981 701 1045 securi
734 1000 959 1044 omnes
991 979 1202 1044 aliena
1232 979 1520 1044 subsidia
1550 982 2041 1066 exspectabunt,
2088 982 2211 1047 sibi

372 1083 614 1166 ignavi,
644 1083 833 1148 nobis
860 1080 1136 1168 graves}
1202 1084 1364 1148 haec
1396 1090 1589 1168 atque
1620 1085 1795 1168 talia,
1825 1107 2211 1171 quamquam
2271 1143 2279 1148 .

378 1208 524 1252 cum
576 1187 854 1253 adsensu
901 1187 1121 1252 audita
1153 1186 1234 1251 iis
1281 1188 1511 1272 quibus
1540 1188 1905 1274 principum
1937 1191 2212 1254 honesta

377 1297 574 1376 atque
610 1292 952 1358 inhonesta
981 1291 1247 1358 laudare
1279 1313 1445 1374 mos,
1490 1293 1708 1379 plures
1738 1316 1853 1380 per
1884 1295 2209 1360 silentium

378 1401 488 1460 aut
510 1397 834 1461 occultum
859 1417 1148 1461 murmur
1170 1418 1513 1482 excepere.
1564 1399 1888 1484 sensitque
1913 1399 2207 1464 Tiberius
2226 1419 2278 1458 25

381 1506 478 1582 et,
544 1523 693 1565 cum
733 1501 998 1584 paulum
1043 1501 1435 1584 reticuisset,
1474 1502 1751 1573 Hortalo
1794 1503 2209 1588 respondisse

377 1607 500 1669 ait:
549 1609 838 1669 ceterum
871 1605 924 1669 si
954 1605 1246 1689 patribus
1277 1605 1625 1688 videretur,
1659 1607 1959 1671 daturum
1988 1608 2211 1674 liberis

376 1708 628 1774 ducena
671 1709 974 1774 sestertia
1017 1710 1311 1794 singulis,
1359 1710 1469 1794 qui
1500 1731 1695 1775 sexus
1736 1711 1937 1775 virilis
1973 1721 2207 1778 essent.

376 1835 572 1898 egere
604 1815 714 1878 alii
743 1820 990 1898 grates:
1039 1815 1214 1879 siluit
1245 1814 1580 1897 Hortalus,
1611 1835 1853 1900 pavore
1886 1839 1970 1882 an
1998 1817 2209 1883 avitae

375 1919 732 1986 nobilitatis
779 1921 975 1985 etiam
1015 1919 1186 1986 inter
1217 1921 1548 2005 angustias
1578 1918 1873 1985 fortunae
1904 1922 2207 1987 retinens.
2226 1945 2278 1985 30

373 2046 584 2110 neque
618 2026 956 2094 miseratus
984 2026 1259 2109 posthac
1290 2023 1607 2107 Tiberius,
1654 2026 1945 2109 quamvis
1978 2023 2209 2090 domus

375 2128 716 2194 Hortensii
761 2128 1136 2214 pudendam
1179 2127 1267 2193 ad
1310 2130 1597 2213 inopiam
1646 2128 2075 2194 delaberetur.

507 2234 610 2298 39.
679 2232 934 2297 Eodem
993 2253 1160 2297 anno
1209 2233 1509 2317 mancipii
1553 2234 1740 2297 unius
1784 2234 2084 2318 audacia,
2140 2234 2210 2300 ni

375 2342 624 2401 mature
656 2334 1042 2405 subventum
1070 2336 1259 2418 foret,
1292 2336 1629 2401 discordiis
1655 2338 1973 2422 armisque
2004 2339 2207 2403 civili-

372 2440 492 2505 bus
537 2461 676 2504 rem
719 2440 1044 2524 publicam
1073 2441 1473 2526 perculisset.
1548 2442 1844 2507 Postumi
1874 2440 2205 2528 Agrippae

375 2566 630 2628 servus,
687 2545 948 2611 nomine
998 2545 1331 2635 Clemens,
1398 2554 1707 2632 conperto
1753 2546 1881 2611 fine
1927 2545 2207 2632 Augusti

373 2670 648 2735 pergere
703 2650 771 2714 in
827 2649 1104 2715 insulam
1155 2650 1523 2714 Planasiam
1580 2656 1645 2715 et
1688 2650 1915 2716 fraude
1976 2656 2087 2715 aut
2141 2653 2206 2715 vi
2224 2673 2250 2711 5

373 2760 629 2839 raptum
669 2753 1032 2840 Agrippam
1079 2754 1251 2821 ferre
1298 2754 1379 2818 ad
1426 2755 1751 2819 exercitus
1784 2757 2206 2822 Germanicos

372 2881 504 2925 non
536 2860 754 2924 servili
785 2859 996 2923 animo
1032 2858 1349 2944 concepit.
1415 2880 1570 2923 ausa
1597 2859 1914 2943 inpedivit
1940 2858 2207 2925 tarditas

377 2962 712 3028 onerariae
763 2961 978 3043 navis3
1039 2967 1232 3047 atque
1280 2961 1537 3026 interim
1578 2968 1835 3047 patrata
1878 2963 2077 3028 caede
2124 2963 2207 3027 ad

372 3068 620 3131 maiora
690 3073 754 3131 et
821 3066 1024 3152 magis
1099 3066 1479 3151 praecipitia
1546 3087 1893 3131 conversus
1960 3066 2208 3131 furatur

376 3172 624 3236 cineres
667 3176 1024 3255 vectusque
1073 3170 1308 3235 Cosam
1352 3172 1649 3235 Etruriae
1695 3171 2208 3257 promunturium
2224 3187 2275 3228 10

374 3274 614 3359 ignotis
657 3274 818 3339 locis
865 3294 1008 3339 sese
1055 3273 1253 3358 abdit,
1302 3274 1511 3340 donec
1543 3275 1785 3339 crinem
1814 3274 2205 3361 barbamque
2260 3333 2267 3339 .

373 3380 816 3463 promitteret:
877 3400 1025 3443 nam
1070 3384 1283 3443 aetate
1330 3384 1398 3443 et
1442 3380 1649 3444 forma
1694 3377 1868 3443 haud
1915 3377 2209 3444 dissimili

1780 3477 1895 3533 δὴ*
