2467 3900
379 217 455 273 52
1042 222 1322 262 CORNELII
1348 223 1544 262 mern

381 385 629 449 manico
697 389 935 467 gestas.
1038 403 1279 446 nomen
1339 383 1539 467 patris
1603 384 1850 468 patriae
1906 383 2227 448 Tiberius

379 511 418 552 a
462 489 703 574 populo
753 489 1007 572 saepius
1051 488 1375 572 ingestum
1421 487 1816 570 repudiavit;
1879 508 2095 572 neque
2140 489 2227 552 in

336 599 524 658 sacta
569 615 685 658 sua
739 593 934 657 iurari
990 613 1377 677 quamquam
1434 598 1737 657 censente
1784 598 2009 657 senatu
2056 614 2225 678 per-

377 697 581 777 misit,
643 697 1006 761 mortalium
1054 697 1331 778 incerta,
1390 701 1759 781 quantoque
1816 697 1960 781 plus
2007 696 2227 782 adep-

377 806 481 863 tus
525 801 726 883 foret,
791 807 970 864 tanto
1017 801 1220 884 magis
1257 801 1615 866 inlubrico
1678 801 1995 867 dictitans,
2073 824 2227 866 non

378 911 597 968 tamen
663 904 812 968 ideo
881 904 1159 968 faciebat
1219 904 1417 970 fidem
1490 906 1693 970 civilis
1756 907 1982 988 animi3
2054 927 2225 971 nam

377 1011 592 1094 legem
637 1010 990 1074 maiestatis
1035 1011 1406 1093 reduxerat,
1455 1011 1557 1074 cui
1604 1032 1844 1076 nomen
1887 1011 2060 1096 apud
2094 1033 2225 1076 ve-

310 1132 361 1171 10
378 1120 550 1179 teres
581 1115 777 1197 idem,
825 1113 941 1178 sed
982 1115 1108 1178 alia
1142 1116 1206 1178 in
1241 1114 1550 1180 iudicium
1592 1117 1961 1199 veniebant,
2008 1117 2221 1200 siquis

382 1218 748 1303 proditione
826 1219 1184 1283 exercitum
1250 1225 1361 1282 aut
1435 1219 1693 1304 plebem
1762 1220 2219 1301 seditionibuS,

383 1321 659 1405 denique
703 1321 872 1384 male
910 1329 1096 1404 gesta
1128 1344 1198 1386 re
1245 1323 1503 1407 publica
1546 1325 1951 1388 maiestatem
1980 1327 2221 1410 populi

381 1427 663 1491 Romani
721 1427 1084 1491 minuisset:
1145 1428 1313 1492 facta
1371 1431 1837 1512 arguebantur,
1884 1428 2054 1494 dicta
2108 1431 2217 1494 in-

382 1552 556 1617 pune
621 1537 823 1596 erant.
911 1531 1154 1616 primus
1215 1532 1551 1614 Augustus
1616 1533 2052 1616 cognitionem
2122 1533 2216 1598 de

315 1661 364 1698 15
380 1634 640 1698 famosis
698 1635 933 1698 libellis
980 1636 1194 1720 specie
1240 1637 1404 1720 legis
1451 1637 1779 1719 tractavit,
1844 1643 2215 1702 commotus

387 1738 592 1803 Cassii
637 1739 862 1803 Severi
918 1739 1219 1822 libidine,
1280 1761 1406 1823 qua
1450 1741 1621 1804 viros
1665 1741 2061 1826 feminasque
2108 1744 2214 1806 in-

381 1845 613 1908 lustres
659 1844 1035 1929 procacibus
1081 1843 1331 1928 scriptis
1382 1843 1857 1926 diffamaverat3
1902 1867 2057 1908 mox
2094 1847 2212 1910 Ti-

381 1948 616 2032 berius,
667 1950 1070 2013 consultante
1116 1948 1432 2034 Pompeio
1481 1951 1701 2014 Macro
1756 1956 2075 2035 praetore,
2122 1973 2216 2017 an

379 2052 618 2118 iudicia
671 2054 1024 2118 maiestatis
1076 2054 1524 2137 redderentur,
1582 2055 1976 2119 exercendas
2020 2056 2215 2141 leges

309 2179 359 2217 20
374 2158 733 2243 respondit.
825 2158 995 2221 hunc
1044 2177 1300 2242 quoque
1349 2178 1733 2243 asperavere
1787 2160 2067 2227 carmina
2110 2161 2214 2225 in-

381 2263 573 2325 certis
620 2262 986 2325 auctoribus
1030 2264 1293 2345 vulgata
1335 2263 1403 2325 in
1432 2264 1766 2327 saevitiam
1812 2266 2215 2349 superbiam-

382 2387 506 2449 que
555 2372 622 2429 et
669 2365 1034 2430 discordem
1081 2388 1223 2430 cum
1268 2373 1471 2431 matre
1520 2369 1821 2432 animum.

516 2470 615 2533 73.
674 2469 874 2533 Haud
904 2470 1152 2554 pigebit
1177 2472 1418 2535 referre
1451 2474 1519 2537 in
1541 2472 1812 2536 Falanio
1848 2480 1914 2539 et
1932 2474 2211 2557 Rubrio,

382 2573 650 2636 modicis
683 2574 1000 2656 equitibus
1030 2573 1358 2657 RomaniS,
1406 2581 1879 2662 praetemptata
1921 2578 2211 2663 crimina,

380 2681 452 2739 ut
499 2677 727 2759 quibus
769 2677 988 2759 initiis,
1036 2684 1273 2762 quanta
1298 2679 1540 2751 Tiberii
1587 2685 1724 2744 arte
1755 2682 2213 2765 gravissimum

383 2780 650 2843 exitium
697 2780 1064 2865 inrepserit,
1114 2780 1266 2845 dein
1311 2802 1675 2865 repressum
1716 2784 1824 2865 sit,
1871 2791 2208 2869 postremo

337 2910 362 2947 5
383 2886 610 2949 arserit
655 2892 1004 2969 cunctaque
1055 2886 1464 2970 corripuerit,
1526 2894 1845 2952 noscatur.
1934 2889 2208 2953 Falanio

385 2989 702 3053 obiciebat
746 2998 1099 3073 accusator,
1145 2992 1321 3075 quod
1365 2992 1533 3056 inter
1579 2994 1858 3057 cultores
1902 2990 2212 3079 Augusti,

381 3095 488 3179 qui
552 3115 668 3180 per
732 3115 953 3159 omnes
1019 3094 1247 3158 domos
1311 3096 1378 3158 in
1452 3094 1715 3159 modum
1784 3096 2211 3181 collegiorum

381 3199 800 3281 habebantur,
848 3198 1138 3263 Cassium
1199 3200 1521 3284 quendam
1581 3202 1846 3267 mimum
1903 3202 2213 3269 infamem

382 3301 760 3367 adscivisset
812 3302 1114 3388 quodque
1172 3303 1451 3368 venditis
1498 3306 1700 3369 hortis
1748 3312 2023 3371 statuam
2066 3306 2207 3372 Au-

313 3437 363 3475 10
384 3408 556 3487 gusti
603 3406 789 3469 simul
834 3408 1283 3492 mancipasset.
1374 3407 1618 3472 Rubrio
1654 3410 1901 3474 crimini
1935 3411 2211 3475 dabatur
