2467 3900
646 257 722 296 AB
749 256 1000 298 EXCESSU
1027 258 1158 298 DIVI
1183 258 1439 299 AUGUSTI
1464 259 1527 299 1v
1558 260 1702 301 ‘ns—v
1728 260 1766 300 3.
2014 256 2126 312 213

304 415 528 482 rostris
557 437 596 480 a
627 414 788 479 Gaio
824 413 1099 480 Caesare
1145 423 1529 500 pronepote,
1576 417 1685 501 qui
1717 436 1871 480 mox
1914 438 2131 482 rerum

306 521 568 605 potitus.

439 627 496 691 2.
561 625 652 690 At
713 626 1043 707 Tiberine,
1107 624 1283 710 quod
1349 627 1667 709 supremis
1728 624 1796 689 in
1857 630 2128 690 matrem

312 731 538 795 officiis
585 729 928 812 defuisset,
987 729 1148 792 nihil
1205 733 1454 792 mutata
1512 730 1901 794 amoenitate
1958 728 2128 793 vitae

306 833 815 917 magnitudinem
871 833 1285 916 negotiorum
1340 853 1459 916 per
1504 832 1751 896 litteras
1798 832 2131 897 excusavit

304 938 713 1022 honoresque
768 935 1116 1001 memoriae
1177 935 1260 1000 ab
1318 942 1543 1000 senatu
1600 937 1782 1018 large
1831 937 2127 1002 decretos

303 1042 486 1126 quasi
531 1061 651 1126 per
693 1040 1082 1105 modestiam
1125 1039 1466 1121 imminuit,
1511 1041 1735 1123 paucis
1780 1040 2167 1104 admodum5

300 1144 579 1229 receptis
641 1149 704 1208 et
762 1144 982 1209 addito
1041 1165 1124 1208 ne
1187 1143 1485 1207 caelestis
1541 1143 1771 1226 religio
1821 1143 2127 1210 decerne-

301 1256 517 1316 retur:
566 1248 658 1312 sic
702 1249 909 1332 ipsam
938 1247 1261 1313 maluisse.
1339 1246 1492 1331 quin
1532 1255 1596 1312 et
1625 1252 1808 1332 parte
1840 1247 2128 1312 eiusdem

305 1352 622 1436 epistulae
657 1352 976 1436 increpuit
995 1351 1305 1416 amicitias
1325 1352 1671 1418 muliebres
1688 1351 1941 1416 Fufium
1976 1373 2127 1417 con-

292 1457 512 1520 ‘sulem
575 1457 830 1539 oblique
891 1456 1354 1540 perstringens.
1444 1457 1499 1520 is
1544 1455 1751 1540 gratia
1793 1455 2127 1540 Augustae

302 1562 642 1643 floruerat,
719 1569 906 1646 aptus
969 1558 1351 1625 adliciendis
1424 1559 1806 1626 feminarum
1881 1558 2127 1640 animis,
2143 1577 2193 1617 10

305 1665 496 1728 dicax
539 1664 714 1730 idem
761 1671 828 1729 et
871 1664 1202 1728 Tiberium
1250 1663 1496 1728 acerbis
1555 1663 1803 1728 facetiis
1846 1662 2124 1727 inridere

301 1769 564 1851 solituS,
607 1789 900 1852 quarum
969 1767 1138 1852 apud
1209 1774 1667 1852 praepotentes
1733 1765 1799 1830 in
1860 1766 2124 1849 longum

299 1872 629 1936 memoria.
2040 1939 2044 1942 Α

431 1979 489 2040 3.
561 1976 868 2042 Ceterum
934 1997 1020 2041 ex
1079 1996 1158 2040 eo
1206 1981 1555 2061 praerupta
1599 1974 1727 2039 iam
1776 1980 1839 2040 et
1884 1995 2124 2058 urgens

301 2082 686 2154 dominati03
717 2102 868 2146 nam
895 2079 1207 2145 incolumi
1237 2078 1535 2164 Augusta
1567 2084 1705 2143 erat
1735 2077 1947 2143 adhuc
1976 2098 2123 2163 per-

297 2185 578 2269 fugium,
637 2185 788 2270 quia
831 2182 1091 2247 Tiberio
1150 2183 1577 2247 inveteratum
1640 2201 1793 2265 erga
1850 2186 2124 2245 matrem

302 2288 680 2373 obsequium
723 2308 937 2371 neque
964 2287 1233 2352 Seianus
1280 2284 1564 2351 audebat
1608 2284 1970 2369 auctoritati
2007 2304 2122 2369 pa-

299 2392 502 2456 rentis
527 2392 766 2455 antire:
797 2398 950 2455 tunc
967 2391 1146 2455 velut
1172 2390 1369 2454 frenis
1390 2389 1673 2454 exsoluti
1690 2394 2165 2473 proruperunt⁵
2263 2386 2271 2392 ’

299 2496 660 2581 missaeque
719 2494 785 2558 in
843 2494 1271 2579 Agrippinam
1329 2514 1403 2557 ac
1456 2492 1783 2558 Neronem
1844 2492 2120 2576 litterae,

299 2621 459 2685 quas
502 2598 756 2685 pridem
803 2598 1050 2663 adlatas
1082 2603 1148 2661 et
1178 2596 1495 2663 cohibitas
1528 2598 1611 2662 ab
1636 2596 1939 2680 Augusta
1984 2617 2119 2663 cre-

301 2703 465 2770 didit
507 2704 770 2786 vulgus3
816 2702 988 2769 haud
1037 2702 1210 2767 enim
1256 2701 1459 2766 multo
1505 2708 1655 2785 post
1698 2705 1975 2765 mortem
2018 2721 2119 2765 re-

301 2808 553 2873 citatae.
641 2806 839 2873 verba
893 2808 1148 2871 inerant
1205 2807 1503 2891 quaesita,
1554 2806 1938 2889 asperitate:
2001 2804 2120 2869 sed

297 2933 428 2977 non
473 2932 666 2993 arma,
710 2932 844 2975 non
887 2931 1102 2977 rerum
1124 2926 1459 2975 ‘novarum
1503 2909 1819 2992 studium,
1865 2929 2117 2974 amores
2138 2933 2190 2972 ιο

297 3016 604 3082 iuvenum
663 3023 728 3081 et
788 3014 1234 3099 inpudicitiam
1291 3012 1516 3099 nepoti
1579 3013 1967 3079 obiectabat:
2050 3013 2117 3077 in

296 3141 526 3184 nurum
588 3140 670 3183 ne
717 3118 785 3182 id
830 3117 1095 3203 quidem
1145 3116 1512 3202 confingere
1557 3137 1750 3208 ausus
1796 3114 2113 3200 adrogan-

297 3224 453 3288 tiam
485 3222 614 3287 oris
645 3228 713 3287 et
744 3228 1190 3287 contumacem
1221 3221 1506 3285 animum
1531 3222 1849 3285 incusavit
1876 3239 2112 3302 magno

298 3333 557 3392 senatus
586 3348 828 3412 pavore
861 3348 936 3391 ac
968 3326 1245 3408 silentio,
1294 3325 1501 3391 donec
1532 3326 1738 3409 pauci,
1772 3324 1910 3409 quis
1937 3323 2115 3389 nulla

299 3437 382 3497 e'x
443 3432 717 3497 honesto
784 3437 936 3516 spes
995 3430 1092 3513 (et
1152 3431 1413 3516 publica
1473 3430 1642 3494 mala
1709 3430 1979 3511 singulis
2046 3428 2112 3493 in
2129 3451 2182 3490 15
