2467 3900
596 206 671 245 AB
698 205 949 245 EXGESSU
977 205 1106 252 DIV1
1132 205 1387 245 AUGUSTI
1414 206 1436 244 I
1465 205 1632 244 'rt-81.
2010 203 2083 258 57

257 364 400 429 triis
477 364 768 428 amnibus
833 363 1222 429 dicaverint:
1289 366 1443 449 quin
1516 367 1724 450 ipsum
1803 367 2084 432 Tiberim

261 469 438 534 nolle
470 489 733 553 prorsus
764 469 1000 532 accolis
1030 469 1238 532 fluviis
1272 470 1566 533 orbatum
1601 471 1849 534 minore
1882 471 2091 556 gloria

261 575 484 638 fluere.
561 593 677 636 seu
722 594 949 658 preces
979 574 1374 637 coloniarum
1405 596 1520 639 seu
1559 574 1898 640 difficultas
1933 598 2087 662 ope-

263 700 407 742 rum
476 678 611 742 sive
677 677 1045 762 superstitio
1110 678 1348 761 valuit,
1425 685 1497 741 ut
1571 681 1638 743 in
1702 679 2088 744 sententiam
2110 706 2164 744 20

269 783 386 847 On.
432 782 688 846 Pisonis
721 782 1203 864 concederetur,
1254 783 1361 866 qui
1406 782 1497 845 nil
1527 782 1907 846 mutandum
1941 805 2088 848 cen-

267 894 503 952 suerat.

399 994 502 1056 80.
582 993 982 1076 Prorogatur
1049 990 1360 1075 Poppaeo
1439 989 1675 1054 Sabino
1759 991 2094 1076 provincia

267 1097 550 1179 Moesia,
611 1095 848 1159 additis
893 1093 1142 1159 Achaia
1202 1116 1279 1159 ac
1322 1093 1725 1157 Macedonia.
1814 1094 1881 1157 id
1932 1115 2091 1178 quo-

271 1222 394 1284 que
451 1221 705 1264 morum
761 1199 1003 1264 Tiberii
1059 1197 1205 1281 fuit,
1269 1197 1643 1262 continuare
1702 1198 1976 1283 imperia
2021 1219 2095 1260 ac

268 1305 614 1390 plerosque
649 1305 731 1368 ad
775 1305 969 1369 finem
1006 1305 1178 1368 vitae
1223 1303 1291 1365 in
1321 1303 1529 1367 isdem
1558 1304 1948 1367 exercitibus
1986 1309 2097 1366 aut

270 1409 816 1473 iurisdictionibus
863 1407 1120 1472 habere.
1213 1428 1442 1471 causae
1488 1408 1664 1471 varie
1723 1406 2094 1471 traduntur:
2116 1435 2143 1473 5

270 1513 383 1575 alii
426 1512 643 1576 taedio
677 1533 886 1576 novae
919 1532 1108 1575 curae
1143 1511 1348 1574 semel
1392 1510 1627 1595 placita
1666 1533 1784 1595 pro
1820 1512 2099 1575 aeternis

271 1617 648 1696 servavisse,
697 1615 960 1700 quidam
1003 1613 1263 1696 invidia,
1312 1634 1393 1678 ne
1439 1615 1658 1699 plures
1703 1615 2093 1696 fruerentur3

271 1725 422 1784 sunt
468 1721 576 1804 qui
622 1719 1026 1802 existiment,
1083 1724 1154 1782 ut
1201 1718 1505 1782 callidum
1554 1720 1689 1783 eius
1749 1721 2101 1808 ingenium,

272 1825 366 1888 ita
428 1825 688 1888 anxium
753 1824 1091 1905 iudicium;
1160 1842 1370 1906 neque
1434 1823 1772 1887 eminentis
1830 1826 2100 1889 virtutes

273 1929 640 1994 sectabatur
702 1934 769 1992 et
832 1948 1082 1992 rursum
1145 1926 1303 1990 vitia
1365 1924 1627 1991 oderat:
1696 1947 1779 1991 ex
1843 1928 2099 2013 optimis
2119 1954 2173 1993 ιο

271 2032 629 2117 periculum
678 2031 816 2113 sibi,
863 2052 902 2094 a
945 2031 1241 2116 pessimis
1275 2029 1555 2095 dedecus
1604 2032 1930 2115 publicum
1964 2055 2099 2098 me-

271 2138 519 2201 tuebat.
611 2156 738 2219 qua
780 2135 1205 2200 haesitatione
1252 2141 1580 2220 postremo
1632 2158 1708 2201 eo
1756 2146 2101 2224 provectus

275 2246 412 2325 est,
471 2247 542 2304 ut
585 2239 990 2304 mandaverit
1032 2240 1415 2324 quibusdam
1478 2242 1840 2326 provincias
1861 2292 1877 2325 ,
1942 2263 2102 2327 quos

275 2346 504 2430 egredi
548 2346 708 2409 urbe
754 2366 885 2409 non
933 2349 1071 2408 erat
1115 2365 1439 2429 passurus.

410 2452 512 2515 81.
574 2450 679 2514 De
728 2449 1003 2513 comitiis
1050 2449 1522 2532 consularibuS,
1577 2471 1741 2534 quae
1786 2456 1925 2514 tum
1970 2452 2102 2536 pri-

277 2578 458 2621 mum
500 2556 611 2620 illo
671 2554 960 2640 principe
1021 2575 1095 2618 ac
1143 2553 1449 2639 deinceps
1507 2554 1720 2636 fuere,
1766 2556 1881 2618 vix
1925 2558 2101 2638 quic-

278 2682 471 2745 quam
536 2660 788 2724 firmare
853 2660 1092 2723 ausim:
1159 2659 1324 2723 adeo
1394 2658 1647 2723 diversa
1707 2681 1838 2722 non
1905 2660 2100 2723 modo

277 2765 453 2850 apud
500 2769 794 2829 auctores
836 2764 951 2827 sed
997 2763 1062 2827 in
1109 2762 1308 2847 ipsius
1343 2763 1738 2827 orationibus
1767 2766 2102 2849 reperiun-

277 2863 403 2934 tur'.
510 2867 706 2935 modo
772 2867 1111 2932 subtractis
1175 2867 1661 2931 candidatorum
1735 2869 2151 2933 nominibus5

278 2974 599 3057 originem
633 2974 939 3057 cuiusque
974 2980 1039 3037 et
1066 2972 1266 3036 vitam
1299 2979 1364 3035 et
1396 2972 1715 3056 stipendia
1749 2970 2103 3058 descripsit,

279 3088 354 3144 ut
384 3080 490 3165 qui
536 3080 749 3143 forent
793 3078 1314 3160 intellegeretur:
1365 3075 1705 3159 aliquando
1740 3095 1818 3138 ea
1848 3096 2105 3160 quoque

283 3183 750 3266 significatione
812 3182 1135 3245 subtracta
1195 3179 1570 3244 candidatos
1629 3181 1957 3263 hortatus,
2020 3202 2103 3244 ne

283 3288 528 3351 ambitu
594 3284 853 3349 comitia
925 3284 1292 3363 turbarent,
1362 3300 1541 3345 suam
1608 3279 1689 3343 ad
1756 3280 1823 3343 id
1888 3303 2103 3346 curam

283 3393 612 3476 pollicitus
660 3394 776 3454 est.
875 3388 1256 3473 plerumque
1322 3405 1435 3450 eos
1492 3390 1740 3447 tantum
1805 3385 1977 3471 apud
2034 3407 2104 3451 se
2125 3412 2177 3450 10
