2467 3900
660 257 735 296 AB
763 255 1014 298 EXOESSU
1041 256 1171 296 DIVI
1196 255 1453 298 AUGUSTI
1477 255 1543 295 IV
1568 254 1737 294 63-67,
1982 249 2095 306 205

277 416 526 498 Prisco,
555 435 670 480 seu
702 415 840 500 quis
872 414 1034 479 alius
1063 434 1291 498 regum
1308 413 1531 479 dedit:
1573 435 1721 480 uam
1752 414 2098 499 scriptores

282 520 685 585 dissentiunt.
767 524 984 584 cetera
1026 531 1156 583 n'on
1201 518 1524 602 ambigua,
1568 539 1833 602 magnas
1880 518 2098 603 copias

279 647 400 712 per
456 626 649 711 plana
709 627 904 692 etiam
964 646 1038 691 ac
1093 625 1237 690 foro
1284 625 1647 710 propinqua
1690 623 2099 703 habitavisse,

281 730 454 795 unde
483 730 762 812 Tuscum
792 731 1004 794 vicum
1026 750 1063 793 e
1087 729 1405 793 vocabulo
1426 728 1821 793 advenarum
1840 728 2099 793 dictum.

413 837 515 904 66.
581 833 713 902 Sed
757 831 828 899 ut
873 833 1085 898 studia
1128 853 1468 918 procerum
1515 841 1581 898 et
1614 833 1877 918 'largitio
1925 833 2097 918 'prin-

281 939 442 1022 cipis
488 938 844 1004 adversum·
888 957 1072 1001 casus
1135 937 1449 1002 solacium
1490 938 1807 1020 tulerant,
1864 938 1955 1001 ita
1998 959 2100 1002 ac-

283 1046 651 1106 cusatorum
680 1039 887 1106 maior
921 1039 990 1102 in
1021 1040 1161 1104 dies
1192 1047 1260 1105 et
1290 1039 1581 1104 infestior
1611 1040 1709 1105 vis
1740 1041 1877 1124 sine
1921 1041 2099 1107 leva-

281 1150 502 1208 mento
548 1142 989 1227 grassabatur3
1041 1143 1563 1228 corripueratque
1608 1141 1855 1208 Varum
1901 1143 2099 1218 Quin-

282 1247 510 1328 tilium,
560 1246 828 1312 divitem
873 1252 938 1312 et
976 1245 1240 1312 Caesari
1284 1247 1736 1332 propinquum,
1776 1247 2103 1312 Domitius
2123 1263 2147 1299 ⁵

282 1351 462 1435 Afer,
512 1351 820 1418 Claudiae
850 1351 1170 1418 Pulchrae
1199 1351 1422 1417 matris
1454 1353 1591 1416 eius
1623 1351 2102 1432 condemnator,

281 1455 459 1520 nullo
520 1455 793 1520 mirante
857 1455 1032 1541 quod
1094 1455 1203 1520 diu
1268 1475 1469 1538 egens
1529 1463 1596 1520 et
1654 1462 1841 1540 parto
1898 1476 2105 1540 nuper

283 1559 571 1643 praemio
619 1559 787 1624 male
830 1580 982 1623 usus
1029 1559 1216 1645 plura
1256 1559 1342 1622 ad
1370 1559 1613 1642 flagitia
1642 1560 2101 1644 accingeretur.

281 1663 356 1730 P.
380 1663 790 1728 Dolabellam
811 1664 1056 1728 socium
1085 1662 1425 1731 delationis
1449 1662 1743 1728 extitisse
1773 1662 2102 1743 miraculo,

283 1767 434 1852 quia
473 1767 659 1835 claris
703 1767 1054 1833 maioribus
1099 1772 1166 1831 et
1194 1767 1373 1836 Varo
1408 1787 1696 1832 conexus
1741 1788 1923 1831 suam
1965 1767 2103 1852 ipse
2126 1791 2173 1827 ιο

281 1869 704 1955 nobilitatem,
750 1892 934 1936 suum
983 1871 1362 1955 sanguinem
1403 1869 1730 1955 perditum
1773 1870 1927 1935 ibat.
2001 1891 2101 1935 re-

281 1976 445 2042 stitit
488 1984 703 2041 tamen
748 1982 1010 2042 senatus
1048 1982 1113 2041 et
1144 1975 1614 2061 opperiendum
1645 1976 2101 2059 imperatorem

275 2082 550 2165 censuit,
583 2082 756 2167 quod
786 2102 986 2147 unum
1017 2080 1385 2166 urgentium
1416 2080 1732 2146 malorum
1754 2077 2100 2163 suffugium

278 2184 346 2249 in
392 2190 667 2270 tempus.
1427 2242 1436 2253 .
1666 2190 1671 2195 ’

413 2289 515 2353 67.
578 2287 670 2353 At
706 2289 944 2354 Caesar
988 2289 1301 2354 dedicatis
1344 2310 1463 2373 per
1494 2288 1908 2373 Campaniam
1940 2294 2103 2352 tem-

278 2391 425 2477 plis,
471 2410 856 2476 quamquam
901 2391 1114 2457 edicto
1159 2392 1517 2457 monuisset
1559 2391 1787 2476 nequis
1818 2391 2099 2476 quietem

280 2497 422 2561 eius
456 2496 955 2580 interrumperet
984 2508 1454 2580 concursusque
1483 2494 1949 2580 oppidanorum
1974 2493 2099 2559 dis-

279 2600 492 2687 posito
538 2600 742 2666 milite
787 2601 1303 2687 prohiberentur,
1345 2621 1615 2685 perosus
1649 2605 1861 2667 tamen
1890 2601 2097 2666 muni-

279 2704 448 2789 cipia
509 2710 575 2769 et
637 2706 925 2771 colonias
994 2704 1335 2788 omniaque
1402 2705 1468 2767 in
1538 2705 1889 2769 continenti
1954 2706 2140 2788 sita‚5

280 2808 564 2893 Capreas
609 2831 680 2875 se
721 2810 788 2873 in
832 2810 1105 2874 insulam
1141 2807 1391 2873 abdidit
1418 2808 1613 2872 trium
1639 2808 1885 2872 milium
1927 2808 2093 2874 freto

275 2911 357 2978 ab
429 2915 736 2980 extremis
799 2913 1158 2979 Surrentini
1231 2912 1662 2996 promunturii
1727 2910 2091 2977 diiunctam.

275 3017 692 3083 'solitudinem
747 3018 1064 3101 placuisse
1126 3015 1408 3079 maxime
1456 3013 1874 3097 crediderim,
1934 3036 2090 3099 quo-

275 3122 449 3186 niam
493 3121 940 3205 inportuosum
987 3120 1156 3185 circa
1199 3140 1378 3183 mare
1426 3124 1493 3183 et
1520 3119 1634 3183 vix
1665 3118 1937 3184 modicis
1980 3124 2091 3183 na-

273 3224 461 3306 vigiis
508 3245 712 3313 pauca
758 3224 1071 3306 subsidia3
1132 3244 1342 3307 neque
1390 3223 1714 3308 adpulerit
1758 3223 2091 3308 quisquam
2108 3254 2159 3292 ιο

273 3330 398 3395 nisi
439 3350 638 3413 gnaro
689 3327 975 3394 custode.
1059 3328 1220 3393 caeli
1265 3329 1613 3411 temperies
1658 3327 1874 3419 hieme
1918 3328 2091 3393 mitis

273 3434 533 3500 obiectu
587 3434 860 3517 montis,
922 3453 1048 3517 quo
1110 3452 1307 3497 saeva
1362 3436 1704 3499 ventorum
1762 3438 2087 3515 arcentur3

377 3544 616 3585 Cornelius
642 3544 844 3584 Tacitus.
885 3544 922 3583 Ι.
1715 3536 1779 3587 12
