2467 3900
331 189 406 245 80
991 193 1269 234 corinun
1294 191 1491 233 mmm

327 352 707 432 sententiae,
739 345 886 414 cum
913 351 979 415 in
998 351 1252 416 Palatio
1278 357 1540 416 senatus
1558 351 1925 433 haberetur,
1959 351 2168 418 modo

327 454 666 518 Hortensii
724 453 891 518 inter
951 462 1243 520 oratores
1302 456 1489 521 sitam
1545 457 1897 542 imaginem
1956 457 2164 522 modo

257 588 309 628 10
327 557 612 642 Augusti
655 559 914 624 intuens
959 560 1044 624 ad
1087 562 1259 625 hunc
1306 561 1572 625 modum
1620 561 1871 646 coepit:
1920 567 2166 646 ,patres

327 665 708 749 conscripti,
767 664 920 744 hos,
979 684 1255 749 quorum
1310 686 1657 730 numerum
1702 673 1769 730 et
1814 667 2167 750 pueritiam

325 769 595 851 videtis,
656 790 790 834 non
847 776 1082 853 sponte
1148 770 1413 852 sustuli,
1476 769 1595 834 sed
1650 771 1803 854 quia
1859 772 2167 856 princeps

322 873 659 938 monebat:
719 873 911 937 simul
965 873 1247 938 maiores
1306 880 1676 938 meruerant
1731 882 1805 940 ut
1859 863 2167 960 posteros

323 979 658 1045 haberent.
736 1000 889 1044 nam
936 997 1080 1062 eg0,
1129 979 1232 1042 cui
1276 979 1735 1062 nonpecunia,
1781 1000 1914 1046 non
1944 981 2169 1045 studia

256 1109 307 1149 15
324 1083 548 1170 populi
593 1104 809 1168 neque
853 1084 1259 1167 eloquentia,
1322 1084 1566 1168 gentile
1610 1084 1886 1166 bonum,
1944 1086 2165 1151 varie-

322 1194 456 1254 tate
505 1195 869 1273 temporum
913 1189 1066 1252 satis
1112 1187 1461 1270 habebam,
1512 1189 1570 1252 si
1613 1194 1844 1254 tenues
1887 1210 1992 1254 res
2036 1211 2168 1256 nec

321 1293 480 1358 mihi
542 1293 782 1379 pudori
843 1315 965 1358 nec
1027 1293 1324 1378 cuiquam
1386 1294 1567 1358 oneri
1624 1293 1858 1359 forent.
1947 1293 2168 1360 iussus

323 1397 404 1463 ab
465 1399 857 1483 imperatore
921 1419 1196 1462 uxorem
1258 1398 1435 1462 duxi.
1526 1417 1613 1462 en
1656 1393 1849 1482 stir'ps
1893 1405 1962 1463 et
2006 1420 2165 1484 pro-

321 1504 548 1587 genies
592 1509 691 1566 tot
737 1503 1094 1584 consulum,
1141 1509 1240 1566 tot
1286 1501 1693 1567 dictatorum.
1761 1524 1884 1568 nec
1928 1503 2012 1568 ad
2056 1504 2162 1569 in-

252 1624 304 1664 20
321 1607 564 1672 vidiam
593 1607 735 1691 ista,
782 1606 901 1671 sed
932 1605 1373 1672 conciliandae
1405 1606 1896 1673 misericordiae
1923 1609 2163 1674 refero.

320 1711 758 1795 adsequentur
801 1712 1075 1777 florente
1107 1717 1343 1795 aetate,
1394 1711 1655 1797 Caesar,
1698 1733 1865 1797 ¹quos
1890 1713 2163 1778 dederis

319 1817 636 1883 honores:
699 1817 959 1882 interim
1007 1817 1084 1892 Q.
1131 1816 1473 1881 Hortensii
1528 1822 1959 1902 pronepotes,
2022 1815 2161 1883 divi

320 1920 602 2008 Augusti
648 1922 942 1989 alumnos
987 1921 1067 1987 ab
1112 1921 1336 2007 inopia
1381 1918 1702 1987 defende.‘

449 2028 550 2092 38.
583 2026 928 2092 Inclinatio
947 2030 1207 2090 senatus
1223 2025 1291 2087 -in
1300 2024 1718 2090 citamentum.
1735 2025 1997 2090 Tiberio
2021 2046 2152 2110 quo

318 2130 678 2215 promptius
710 2130 1181 2212 adversaretur,
1227 2128 1329 2192 his
1359 2128 1564 2193 ferme
1594 2129 1811 2195 verbis
1842 2150 2024 2193 usus:
2075 2130 2157 2207 ,si

319 2241 629 2319 quantum
687 2254 1049 2318 pauperum
1105 2234 1330 2299 venire
1375 2232 1503 2298 huc
1549 2241 1615 2298 et
1659 2233 1879 2299 liberis
1922 2238 2154 2319 petere

317 2338 626 2423 pecunias
673 2338 1024 2422 coeperint,
1071 2338 1327 2421 singuli.
1351 2358 1702 2422 numquam
1734 2339 2152 2404 exsatiabun-

277 2446 441 2525 astur,
487 2464 592 2508 res
636 2442 897 2528 publica
929 2442 1220 2513 deficiet.
1283 2463 1407 2507 nec
1452 2463 1605 2507 sane
1637 2441 1790 2507 ideo
1822 2464 1862 2507 a
1890 2444 2152 2509 maiori-

319 2548 440 2611 bus
503 2568 882 2613 concessum
941 2546 1170 2631 egredi
1231 2546 1579 2631 aliquando
1637 2547 2026 2613 relationem
2086 2556 2154 2613 et

321 2650 499 2735 quod
543 2652 609 2715 in
658 2672 995 2717 commune
1046 2650 1365 2716 conducat
1408 2650 1556 2714 loco
1606 2652 1967 2718 sententiae
1997 2673 2151 2737 pro-

318 2754 508 2839 ferre,
553 2763 625 2820 ut
670 2756 920 2840 privata
961 2756 1232 2839 negotia
1277 2761 1342 2820 et
1385 2776 1490 2820 res
1519 2754 1867 2821 familiares
1897 2761 2151 2820 nostras

317 2860 423 2924 hic
470 2881 841 2945 augeamuS,
890 2881 1035 2924 cum
1075 2859 1324 2925 invidia
1363 2866 1625 2925 senatus
1672 2865 1738 2928 et
1763 2859 2150 2943 principum,

249 2992 299 3031 ιο
319 2964 456 3030 sive
501 2963 886 3029 indulserint
929 2964 1343 3050 largitionem
1388 2964 1524 3027 sive
1581 2962 1943 3028 abnuerint.
2018 2984 2153 3028 non

319 3070 492 3134 enim
535 3090 764 3154 preces
810 3068 1016 3151 istud,
1065 3068 1182 3133 sed
1229 3068 1644 3151 efflagitatio,
1691 3068 2151 3153 intempestiva

319 3173 586 3257 quidem
633 3178 699 3239 et
742 3172 1091 3258 inprovisa,
1142 3192 1287 3236 cum
1320 3171 1459 3235 aliis
1494 3170 1575 3235 de
1603 3172 1796 3237 rebus
1830 3191 2151 3237 convene-

319 3277 447 3340 rint
503 3282 756 3363 patres,
815 3296 1206 3358 consurgere
1269 3283 1334 3342 et
1376 3297 1649 3342 numero
1696 3283 1888 3361 atque
1933 3281 2148 3342 aetate

321 3377 596 3443 liberum
640 3400 875 3465 urgere
921 3378 1307 3444 modestiam
1355 3387 1650 3464 senatuS,
1697 3381 1971 3445 eandem
2014 3381 2145 3446 vim
