2467 3900
377 191 451 246 94
1030 193 1309 236 oonmn
1333 195 1531 236 morri

375 355 761 440 plebemque
820 356 1005 418 iuxta
1059 352 1462 418 devinxerat.
1536 353 1734 436 igitur
1781 351 2230 418 Germanicus

374 461 443 524 in
470 460 631 525 urbe
663 457 981 524 Artaxata
1010 457 1518 542 adprobantibus
1547 455 1892 540 nobilibus,
1929 457 2224 520 circum-

373 564 514 629 fusa
570 562 982 628 multitudine
1041 561 1294 644 insigne
1357 561 1613 644 regium
1661 561 1854 645 capiti
1899 558 2041 624 eius
2090 560 2224 624 im-

371 670 607 754 posuit.
700 669 901 734 ceteri
958 671 1344 734 venerantes
1389 681 1616 748 regem
1659 663 2002 728 Artaxiam
2051 685 2220 728 con-

302 794 354 832 15
374 775 765 857 salutavere,
836 773 1011 859 quod
1075 771 1171 835 illi
1232 769 1616 837 vocabulum
1681 769 2058 834 indiderant
2121 789 2220 831 ex

372 880 633 945 nomine
676 877 871 944 urbis.
941 882 1009 942 at
1039 875 1464 961 Cappadoces
1506 875 1576 938 in
1620 874 1895 938 formam
1941 872 2218 958 provin-

374 984 509 1048 ciae
568 981 816 1047 redacti
864 981 941 1056 Q.
986 980 1343 1045 Veranium
1386 980 1680 1063 legatum
1725 999 2076 1064 accepere3
2141 985 2216 1044 et

372 1086 688 1172 quaedam
736 1107 821 1152 ex
866 1084 1059 1170 regiis
1106 1085 1362 1148 tributis
1409 1084 1758 1168 deminuta,
1805 1106 1932 1169 quo
1981 1085 2214 1150 mitius

370 1191 739 1258 Romanum
812 1190 1156 1276 imperium
1231 1193 1623 1274 speraretur.
1739 1187 2212 1272 Commagenis

304 1311 355 1352 2⁰
373 1296 449 1370 Q.
482 1296 799 1361 Servaeus
842 1294 1261 1381 praeponitur
1287 1301 1426 1358 tum
1454 1293 1733 1378 primum
1763 1292 1848 1356 ad
1879 1294 1979 1358 ius
2011 1315 2210 1378 prae-

370 1401 529 1465 toris
573 1399 914 1464 translatis,

500 1504 603 1567 57.
684 1503 1057 1588 Cunctaque
1133 1502 1396 1568 socialia
1456 1523 1771 1587 prospere
1836 1503 2212 1588 composita

368 1631 500 1674 non
542 1607 693 1673 ideo
725 1609 968 1672 laetum
1002 1605 1462 1676 Germanicum
1493 1605 1820 1672 habebant
1854 1607 1937 1672 ob
1970 1628 2206 1692 super-

368 1713 539 1778 biam
581 1714 867 1796 Pisonis,
935 1715 1047 1799 qui
1101 1713 1311 1777 iussus
1370 1716 1622 1797 partem
1677 1711 2010 1796 legionum
2055 1715 2206 1797 ipse

368 1824 479 1882 aut
536 1840 655 1904 per
715 1819 918 1883 filium
982 1819 1049 1882 in
1106 1815 1488 1881 Armeniam
1556 1815 1792 1880 ducere
1851 1822 2204 1902 utrumque

323 1922 763 2009 sneglexerat.
840 1921 1029 2007 Cyrri
1077 1923 1335 1988 demum
1381 1921 1554 2006 apud
1584 1921 1856 1987 hiberna
1881 1921 2202 1987 decumae

362 2028 639 2111 legionis
686 2047 1083 2109 convenere,
1126 2026 1377 2091 firmato
1421 2027 1639 2107 vultu,
1683 2026 1836 2092 Piso
1883 2026 2204 2091 adversus

364 2137 625 2213 metum,
662 2130 1101 2211 Germanicus,
1133 2152 1216 2195 ne
1243 2130 1472 2195 minari
1499 2129 1900 2213 crederetur3
1937 2136 2006 2195 et
2034 2137 2199 2213 erat,

362 2239 436 2296 ut
495 2234 746 2317 rettuli,
816 2235 1215 2300 clementior.
1327 2233 1442 2299 sed
1516 2234 1702 2299 amici
1761 2235 2200 2300 accendendis

366 2338 825 2403 offensionibus
855 2337 1069 2403 callidi
1098 2339 1441 2405 intendere
1473 2360 1645 2421 vera,
1685 2339 2000 2424 adgerere
2032 2340 2200 2405 falsa

296 2471 346 2511 ιο
362 2442 702 2528 ipsumque
750 2450 815 2507 et
858 2425 1234 2508 Plancinam
1280 2449 1346 2509 et
1389 2442 1556 2508 filios
1600 2444 1795 2507 variis
1824 2443 2038 2508 modis
2069 2445 2194 2507 cri-

362 2545 609 2611 minari.
714 2553 1043 2632 postremo
1127 2548 1349 2634 paucis
1421 2546 1826 2611 familiarium
1888 2546 2196 2612 adhibitis

364 2670 575 2715 sermo
622 2659 890 2737 coeptus
938 2674 977 2715 a
1023 2651 1322 2735 Caesare,
1369 2651 1625 2736 qualem
1671 2652 1766 2715 ira
1797 2657 1864 2715 et
1895 2652 2194 2717 dissimu-

361 2753 516 2817 latio
562 2754 793 2839 gignit,
836 2776 1220 2841 responsum
1267 2776 1306 2819 a
1347 2755 1588 2821 Pisone
1635 2756 1932 2840 precibus
1965 2762 2194 2822 contu-

362 2859 649 2923 macibus
696 2857 1261 2945 discesseruntque
1307 2860 1548 2943 apertis
1596 2858 1780 2923 odiis.
1845 2865 1994 2944 post
2025 2881 2192 2945 quae

295 2990 346 3029 15
361 2981 543 3025 rarus
587 2962 651 3025 in
698 2963 1002 3028 tribunali
1049 2960 1344 3028 Caesaris
1381 2962 1535 3027 Piso
1584 2967 1668 3046 et,
1713 2962 2025 3048 siquando
2075 2963 2191 3027 ad-

362 3067 623 3151 sideret,
670 3072 861 3131 atrox
907 3090 983 3133 ac
1014 3066 1359 3134 dissentire
1391 3067 1791 3133 manifestus.
1865 3088 1999 3131 vox
2029 3088 2191 3153 quo-

364 3190 489 3255 que
548 3171 684 3235 eius
742 3171 961 3237 audita
1021 3172 1088 3237 in
1147 3172 1479 3255 convivi0,
1541 3194 1686 3237 cum
1744 3172 1919 3259 apud
1965 3194 2193 3259 regem

363 3268 844 3341 Nabataeorum
876 3298 1151 3343 coronae
1178 3280 1412 3342 aureae
1441 3295 1676 3359 magno
1705 3276 1996 3361 pondere
2023 3276 2189 3341 Cae.-

356 3378 489 3467 'sari
520 3384 585 3442 et
614 3376 1035 3464 Agrippinae,
1065 3380 1245 3446 leves
1266 3380 1489 3445 Pisoni
1515 3386 1582 3445 et
1613 3382 1844 3445 ceteris
1878 3381 2190 3447 offerren-
