2467 3900
659 187 735 226 AB
762 186 1015 229 EXGESSU
1041 186 1171 226 DIVI
1197 186 1454 230 AUGUSTI
1479 187 1543 226 1v
1570 186 1738 226 12—15.
1998 182 2109 241 169

281 345 561 422 xissent,
627 341 1005 406 claritudine
1068 341 1330 406 infausti
1389 343 1648 426 generis
1707 351 1774 408 et
1824 345 2109 428 paternis

282 447 571 512 adversis
614 445 783 510 foret
828 445 1203 510 abstractus.
2129 471 2181 511 20

418 553 519 616 14.
580 550 646 615 Is
708 569 967 635 quoque
1028 571 1234 616 annus
1291 551 1650 634 legationes
1717 553 2107 618 Graecarum

285 656 636 720 civitatium
666 656 906 720 habuit
948 655 1179 720 Samiis
1211 656 1500 740 Iunonis,
1549 657 1702 722 Cois
1731 656 2109 744 Aesculapii

285 761 551 826 delubro
598 767 925 826 vetustum
970 761 1132 845 asyli
1176 760 1276 825 ius
1319 768 1391 827 ut
1434 761 1794 826 firmaretur
1826 763 2104 848 petenti-

281 865 421 929 bus.
510 864 710 929 Samii
775 863 1037 948 decreto
1098 862 1653 949 Amphictyonum
1717 867 2106 945 nitebantur,

282 970 425 1055 quis
486 969 906 1054 praecipuum
965 967 1112 1032 fuit·
1149 989 1364 1034 rerum
1425 970 1709 1032 omnium
1775 969 2104 1051 iudicium,
2123 999 2148 1037 5

282 1096 407 1161 qua
453 1079 841 1159 tempestate
892 1072 1125 1138 Graeci
1172 1073 1448 1138 conditis
1503 1095 1620 1158 per
1660 1072 1886 1138 Asiam
1931 1075 2104 1140 urbi-

280 1179 401 1243 bus
462 1198 575 1241 ora
632 1177 823 1242 maris
868 1175 1304 1262 potiebantur.
1394 1198 1603 1262 neque
1664 1177 1878 1262 dispar
1931 1177 2103 1263 apud

283 1283 455 1348 Coos
509 1282 852 1366 antiquitas
916 1288 981 1346 et
1038 1281 1391 1348 accedebat
1447 1282 1746 1347 meritum
1791 1303 1878 1346 ex
1921 1282 2102 1348 loco:

280 1408 430 1450 nam
460 1386 633 1451 cives
656 1385 988 1451 Romanos
1020 1386 1264 1470 templo
1289 1384 1662 1470 Aesculapii
1693 1385 2102 1470 induxerant,

280 1513 428 1556 cum
473 1493 653 1554 iussu
696 1490 869 1576 regis
914 1489 1308 1554 Mithridatis
1366 1489 1542 1574 apud
1601 1496 1860 1555 cunctas
1901 1489 2100 1554 Asiae
2125 1516 2174 1557 10

278 1596 519 1662 insulas
579 1601 645 1660 et
688 1594 881 1658 urbes
939 1593 1432 1660 trucidarentur.
1519 1594 1710 1659 variis
1757 1594 1990 1659 dehinc
2037 1600 2104 1659 et

278 1701 535 1784 saepius
608 1700 813 1766 inritis
886 1704 1257 1784 praetorum
1331 1698 1662 1783 questibus
1682 1748 1699 1781 ‚
1773 1706 2100 1783 postremo

282 1805 522 1871 Caesar
567 1805 648 1870 de
693 1805 1081 1870 inmodestia
1125 1803 1506 1869 histrionum
1555 1803 1835 1868 rettulit:
1899 1804 2103 1867 multa

278 1909 358 1975 ab
402 1909 479 1974 iis
537 1909 604 1974 in
660 1909 990 1995 publicum
1048 1907 1385 1992 seditiose,
1443 1907 1639 1974 foeda
1696 1927 1814 1993 per
1872 1907 2102 1974 domos

276 2015 611 2099 temptari3
678 2012 919 2079 Oscum
963 2013 1288 2097 quondam
1330 2012 1684 2093 ludicrum,
1736 2012 2101 2077 levissimae
2120 2034 2172 2075 ιε

276 2119 451 2204 apud
474 2119 738 2203 vulgum
764 2116 1233 2199 oblectationis,
1259 2138 1338 2182 eo
1357 2116 1750 2200 flagitiorum
1779 2122 1845 2180 et
1867 2115 2099 2180 virium

275 2224 563 2306 venisse,
626 2222 1005 2287 auctoritate
1063 2229 1318 2307 patrum
1372 2227 1446 2285 ut
1505 2221 1933 2287 coercendum
1997 2220 2097 2285 sit.

278 2326 447 2411 pulsi
492 2332 630 2389 tum
674 2326 1018 2392 histriones
1062 2325 1274 2391 Italia.

412 2430 511 2493 15b
577 2428 766 2493 Idem
810 2450 1015 2495 annus
1060 2429 1185 2495 alio
1231 2449 1488 2513 quoque
1533 2430 1710 2493 luctu
1757 2428 2099 2493 Caesarem

276 2532 519 2615 adficit,
576 2533 849 2598 alterum
910 2554 995 2598 ex
1038 2532 1314 2617 geminis
1359 2532 1556 2597 Drusi
1610 2532 1830 2598 liberis
1889 2535 2099 2599 extin-

276 2636 537 2722 guendo
594 2658 806 2722 neque
866 2638 1076 2703 minus
1134 2644 1344 2702 morte
1403 2637 1610 2701 amici.
1667 2637 1754 2701 .is
1811 2638 1930 2702 fuit
1971 2638 2102 2703 Lu·

279 2742 463 2807 cilius
507 2743 805 2825 Longus,
864 2742 1147 2807 omnium
1192 2742 1290 2807 illi
1332 2742 1610 2806 tristium
1653 2741 2100 2827 laetorumque

279 2848 492 2912 socius
565 2868 859 2933 unusque
924 2869 959 2912 e
1026 2846 1434 2914 senatoribus
1497 2845 1742 2911 Rhodii
1811 2867 2145 2912 secessuss

277 2971 516 3017 comes.
604 2952 695 3017 ita
758 2972 1141 3037 quamquam
1202 2972 1374 3018 novo
1433 2951 1680 3016 homini
1737 2953 2100 3017 censorium

276 3055 498 3137 funus,
563 3055 844 3141 effigiem
888 3055 1061 3141 apud
1104 3056 1318 3121 forum
1361 3053 1643 3140 Augusti
1687 3056 1947 3139 publica
1990 3075 2104 3138 pe·

278 3161 467 3233 cunia
526 3165 743 3246 patres
809 3160 1193 3242 decrevere,
1261 3163 1418 3244 aput
1479 3179 1641 3243 quos
1707 3160 1903 3223 etiam
1967 3163 2105 3222 tum

280 3269 509 3329 cuncta
564 3265 1003 3329 tractabantur
1021 3314 1037 3347 ,
1102 3262 1269 3328 adeo
1335 3268 1410 3327 ut
1469 3265 1851 3347 procurator
1907 3259 2144 3325 Asiae..

277 3368 561 3434 Lucilius
594 3368 825 3453 Capito
872 3373 1215 3433 accusante
1259 3365 1590 3451 provincia
1635 3384 1889 3430 causam
1922 3364 2104 3429 dixe-
2127 3387 2180 3428 ιο

385 3480 629 3520 Cornelius
654 3481 858 3519 Tacitus.
912 3480 945 3519 1.
1729 3471 1794 3520 10
