<?xml version="1.0" encoding="UTF-8"?>
<!DOCTYPE html PUBLIC "-//W3C//DTD XHTML 1.0 Transitional//EN"
    "http://www.w3.org/TR/xhtml1/DTD/xhtml1-transitional.dtd">
<html xmlns="http://www.w3.org/1999/xhtml" xml:lang="en" lang="en">
 <head>
  <title>
</title>
<meta http-equiv="Content-Type" content="text/html;charset=utf-8" />
  <meta name='ocr-system' content='tesseract 3.04.00' />
  <meta name='ocr-capabilities' content='ocr_page ocr_carea ocr_par ocr_line ocrx_word'/>
</head>
<body>
  <div class='ocr_page' id='page_1' title='image "./corneliitacitia00gitlgoog_0242.png"; bbox 0 0 2467 3900; ppageno 0'>
   <div class='ocr_carea' id='block_1_1' title="bbox 422 234 1577 290">
    <p class='ocr_par' dir='ltr' id='par_1_1' title="bbox 422 234 1577 290">
     <span class='ocr_line' id='line_1_1' title="bbox 422 234 1577 290; baseline -0.001 -14"><span class='ocrx_word' id='word_1_1' title='bbox 422 234 537 290; x_wconf 86' lang='lat'>230</span> <span class='ocrx_word' id='word_1_2' title='bbox 1079 237 1356 276; x_wconf 66' lang='grc'><strong>0011118111</strong></span> <span class='ocrx_word' id='word_1_3' title='bbox 1381 236 1577 276; x_wconf 70' lang='lat' dir='ltr'>mom</span> 
     </span>
    </p>
   </div>
   <div class='ocr_carea' id='block_1_2' title="bbox 275 393 2269 3493">
    <p class='ocr_par' dir='ltr' id='par_1_2' title="bbox 423 393 2267 478">
     <span class='ocr_line' id='line_1_2' title="bbox 423 393 2267 478; baseline -0.001 -20"><span class='ocrx_word' id='word_1_4' title='bbox 423 395 716 475; x_wconf 86' lang='lat' dir='ltr'>vertisse,</span> <span class='ocrx_word' id='word_1_5' title='bbox 762 395 1045 458; x_wconf 87' lang='lat' dir='ltr'>aurarias</span> <span class='ocrx_word' id='word_1_6' title='bbox 1091 393 1617 476; x_wconf 88' lang='lat' dir='ltr'>argentariasque</span> <span class='ocrx_word' id='word_1_7' title='bbox 1650 393 1809 473; x_wconf 90' lang='lat' dir='ltr'>eius,</span> <span class='ocrx_word' id='word_1_8' title='bbox 1856 415 2267 478; x_wconf 85' lang='lat' dir='ltr'>quamquam</span> 
     </span>
    </p>

    <p class='ocr_par' dir='ltr' id='par_1_3' title="bbox 375 496 2267 997">
     <span class='ocr_line' id='line_1_3' title="bbox 375 496 2267 584; baseline 0.001 -26"><span class='ocrx_word' id='word_1_9' title='bbox 375 521 400 558; x_wconf 85' lang='lat'><strong>5</strong></span> <span class='ocrx_word' id='word_1_10' title='bbox 419 499 913 584; x_wconf 79' lang='lat' dir='ltr'>publicarentur,</span> <span class='ocrx_word' id='word_1_11' title='bbox 946 498 1200 562; x_wconf 89' lang='lat' dir='ltr'>sibimet</span> <span class='ocrx_word' id='word_1_12' title='bbox 1222 497 1519 560; x_wconf 82' lang='lat' dir='ltr'>Tiberius</span> <span class='ocrx_word' id='word_1_13' title='bbox 1549 496 1859 580; x_wconf 79' lang='lat' dir='ltr'><strong>seposuit.</strong></span> <span class='ocrx_word' id='word_1_14' title='bbox 1919 497 2267 562; x_wconf 86' lang='lat' dir='ltr'>inritatus-</span> 
     </span>
     <span class='ocr_line' id='line_1_4' title="bbox 416 600 2265 688; baseline -0.002 -20"><span class='ocrx_word' id='word_1_15' title='bbox 416 625 540 687; x_wconf 85' lang='lat' dir='ltr'>que</span> <span class='ocrx_word' id='word_1_16' title='bbox 587 603 918 688; x_wconf 82' lang='lat' dir='ltr'>suppliciis</span> <span class='ocrx_word' id='word_1_17' title='bbox 966 604 1273 683; x_wconf 83' lang='lat' dir='ltr'>c&#39;unctos,</span> <span class='ocrx_word' id='word_1_18' title='bbox 1322 601 1430 684; x_wconf 90' lang='lat' dir='ltr'>qui</span> <span class='ocrx_word' id='word_1_19' title='bbox 1490 620 1749 666; x_wconf 88' lang='lat' dir='ltr'>carcere</span> <span class='ocrx_word' id='word_1_20' title='bbox 1808 600 2265 665; x_wconf 69' lang='lat' dir='ltr'>attinebantur</span> 
     </span>
     <span class='ocr_line' id='line_1_5' title="bbox 417 704 2261 783; baseline -0.001 -14"><span class='ocrx_word' id='word_1_21' title='bbox 417 707 696 770; x_wconf 88' lang='lat' dir='ltr'>accusati</span> <span class='ocrx_word' id='word_1_22' title='bbox 741 707 1064 772; x_wconf 87' lang='lat' dir='ltr'>societatis</span> <span class='ocrx_word' id='word_1_23' title='bbox 1111 727 1254 770; x_wconf 90' lang='lat' dir='ltr'>cum</span> <span class='ocrx_word' id='word_1_24' title='bbox 1302 704 1559 783; x_wconf 84' lang='lat' dir='ltr'>Seiano,</span> <span class='ocrx_word' id='word_1_25' title='bbox 1603 705 1821 770; x_wconf 87' lang='lat' dir='ltr'>necari</span> <span class='ocrx_word' id='word_1_26' title='bbox 1866 705 2066 770; x_wconf 87' lang='lat' dir='ltr'>iubet.</span> <span class='ocrx_word' id='word_1_27' title='bbox 2151 706 2261 768; x_wconf 88' lang='lat' dir='ltr'>ia-</span> 
     </span>
     <span class='ocr_line' id='line_1_6' title="bbox 418 808 2258 894; baseline -0.001 -20"><span class='ocrx_word' id='word_1_28' title='bbox 418 811 546 874; x_wconf 89' lang='lat' dir='ltr'>cuit</span> <span class='ocrx_word' id='word_1_29' title='bbox 588 811 880 875; x_wconf 87' lang='lat' dir='ltr'>inmensa</span> <span class='ocrx_word' id='word_1_30' title='bbox 925 816 1202 894; x_wconf 87' lang='lat' dir='ltr'>strages,</span> <span class='ocrx_word' id='word_1_31' title='bbox 1262 809 1469 872; x_wconf 89' lang='lat' dir='ltr'>omnis</span> <span class='ocrx_word' id='word_1_32' title='bbox 1516 829 1743 888; x_wconf 84' lang='lat' dir='ltr'>sexus,</span> <span class='ocrx_word' id='word_1_33' title='bbox 1790 808 1995 872; x_wconf 90' lang='lat' dir='ltr'>omnis</span> <span class='ocrx_word' id='word_1_34' title='bbox 2040 814 2258 890; x_wconf 89' lang='lat' dir='ltr'>aetas,</span> 
     </span>
     <span class='ocr_line' id='line_1_7' title="bbox 416 910 2257 997; baseline -0.002 -20"><span class='ocrx_word' id='word_1_35' title='bbox 416 913 714 978; x_wconf 82' lang='lat' dir='ltr'>inlustres</span> <span class='ocrx_word' id='word_1_36' title='bbox 758 914 1098 997; x_wconf 81' lang='lat' dir='ltr'>ignobiles,</span> <span class='ocrx_word' id='word_1_37' title='bbox 1147 911 1423 996; x_wconf 89' lang='lat' dir='ltr'>dispersi</span> <span class='ocrx_word' id='word_1_38' title='bbox 1474 917 1585 975; x_wconf 87' lang='lat' dir='ltr'>aut</span> <span class='ocrx_word' id='word_1_39' title='bbox 1630 910 1940 993; x_wconf 83' lang='lat' dir='ltr'>aggerati.</span> <span class='ocrx_word' id='word_1_40' title='bbox 2030 931 2257 995; x_wconf 88' lang='lat' dir='ltr'>neque</span> 
     </span>
    </p>

    <p class='ocr_par' dir='ltr' id='par_1_4' title="bbox 351 1016 2255 1515">
     <span class='ocr_line' id='line_1_8' title="bbox 351 1016 2253 1102; baseline -0.001 -21"><span class='ocrx_word' id='word_1_41' title='bbox 351 1037 400 1074; x_wconf 93' lang='lat'>10</span> <span class='ocrx_word' id='word_1_42' title='bbox 416 1017 790 1102; x_wconf 87' lang='lat' dir='ltr'>propinquis</span> <span class='ocrx_word' id='word_1_43' title='bbox 848 1024 957 1083; x_wconf 90' lang='lat' dir='ltr'>aut</span> <span class='ocrx_word' id='word_1_44' title='bbox 1014 1019 1235 1082; x_wconf 91' lang='lat' dir='ltr'>amicis</span> <span class='ocrx_word' id='word_1_45' title='bbox 1292 1017 1601 1082; x_wconf 81' lang='lat' dir='ltr'>adsistere</span> <span class='ocrx_word' id='word_1_46' title='bbox 1660 1016 2097 1096; x_wconf 79' lang='lat' dir='ltr'>inlacrimare,</span> <span class='ocrx_word' id='word_1_47' title='bbox 2158 1037 2253 1080; x_wconf 89' lang='lat' dir='ltr'>ne</span> 
     </span>
     <span class='ocr_line' id='line_1_9' title="bbox 416 1119 2255 1205; baseline -0.002 -20"><span class='ocrx_word' id='word_1_48' title='bbox 416 1123 625 1186; x_wconf 83' lang='lat' dir='ltr'>visere</span> <span class='ocrx_word' id='word_1_49' title='bbox 685 1121 942 1205; x_wconf 87' lang='lat' dir='ltr'>quidem</span> <span class='ocrx_word' id='word_1_50' title='bbox 1006 1121 1245 1185; x_wconf 85' lang='lat' dir='ltr'>diutius</span> <span class='ocrx_word' id='word_1_51' title='bbox 1306 1120 1609 1202; x_wconf 86' lang='lat' dir='ltr'>dabatur,</span> <span class='ocrx_word' id='word_1_52' title='bbox 1668 1119 1784 1184; x_wconf 91' lang='lat' dir='ltr'>sed</span> <span class='ocrx_word' id='word_1_53' title='bbox 1848 1119 2255 1184; x_wconf 88' lang='lat' dir='ltr'>circumiecti</span> 
     </span>
     <span class='ocr_line' id='line_1_10' title="bbox 417 1224 2251 1309; baseline -0.001 -20"><span class='ocrx_word' id='word_1_54' title='bbox 417 1224 720 1290; x_wconf 79' lang='lat' dir='ltr'>custodes</span> <span class='ocrx_word' id='word_1_55' title='bbox 753 1231 818 1289; x_wconf 90' lang='grc'>01</span> <span class='ocrx_word' id='word_1_56' title='bbox 847 1226 911 1289; x_wconf 89' lang='grc'>111</span> <span class='ocrx_word' id='word_1_57' title='bbox 943 1246 1305 1290; x_wconf 89' lang='lat' dir='ltr'>maerorem</span> <span class='ocrx_word' id='word_1_58' title='bbox 1353 1226 1660 1309; x_wconf 89' lang='lat' dir='ltr'>cuiusque</span> <span class='ocrx_word' id='word_1_59' title='bbox 1690 1225 1922 1288; x_wconf 89' lang='lat' dir='ltr'>intenti</span> <span class='ocrx_word' id='word_1_60' title='bbox 1970 1245 2251 1309; x_wconf 88' lang='lat' dir='ltr'>corpora</span> 
     </span>
     <span class='ocr_line' id='line_1_11' title="bbox 413 1327 2247 1414; baseline -0.001 -22"><span class='ocrx_word' id='word_1_61' title='bbox 413 1331 775 1414; x_wconf 86' lang='lat' dir='ltr'>putrefacta</span> <span class='ocrx_word' id='word_1_62' title='bbox 836 1329 1358 1411; x_wconf 89' lang='lat' dir='ltr'>adsectabantur,</span> <span class='ocrx_word' id='word_1_63' title='bbox 1424 1329 1577 1391; x_wconf 86' lang='lat' dir='ltr'>dum</span> <span class='ocrx_word' id='word_1_64' title='bbox 1639 1329 1703 1390; x_wconf 89' lang='lat' dir='ltr'>in</span> <span class='ocrx_word' id='word_1_65' title='bbox 1762 1327 2047 1392; x_wconf 87' lang='lat' dir='ltr'>Tiberim</span> <span class='ocrx_word' id='word_1_66' title='bbox 2112 1336 2247 1392; x_wconf 85' lang='lat' dir='ltr'>tra-</span> 
     </span>
     <span class='ocr_line' id='line_1_12' title="bbox 416 1431 2244 1515; baseline -0.001 -18"><span class='ocrx_word' id='word_1_67' title='bbox 416 1434 741 1514; x_wconf 89' lang='lat' dir='ltr'>herentur,</span> <span class='ocrx_word' id='word_1_68' title='bbox 787 1433 895 1497; x_wconf 91' lang='lat' dir='ltr'>ubi</span> <span class='ocrx_word' id='word_1_69' title='bbox 940 1432 1255 1496; x_wconf 89' lang='lat' dir='ltr'>fluitantia</span> <span class='ocrx_word' id='word_1_70' title='bbox 1298 1437 1408 1496; x_wconf 91' lang='lat' dir='ltr'>aut</span> <span class='ocrx_word' id='word_1_71' title='bbox 1450 1431 1605 1514; x_wconf 89' lang='lat' dir='ltr'>ripis</span> <span class='ocrx_word' id='word_1_72' title='bbox 1638 1431 1909 1515; x_wconf 86' lang='lat' dir='ltr'>adpulsa</span> <span class='ocrx_word' id='word_1_73' title='bbox 1936 1451 2067 1494; x_wconf 90' lang='lat' dir='ltr'>non</span> <span class='ocrx_word' id='word_1_74' title='bbox 2103 1452 2244 1495; x_wconf 90' lang='lat' dir='ltr'>cre-</span> 
     </span>
    </p>

    <p class='ocr_par' dir='ltr' id='par_1_5' title="bbox 275 1534 2247 1826">
     <span class='ocr_line' id='line_1_13' title="bbox 275 1534 2247 1620; baseline -0.004 -14"><span class='ocrx_word' id='word_1_75' title='bbox 275 1599 282 1606; x_wconf 94' lang='lat'><em>.</em></span> <span class='ocrx_word' id='word_1_76' title='bbox 350 1564 400 1601; x_wconf 85' lang='lat'>15</span> <span class='ocrx_word' id='word_1_77' title='bbox 416 1559 592 1602; x_wconf 90' lang='lat' dir='ltr'>mare</span> <span class='ocrx_word' id='word_1_78' title='bbox 623 1537 979 1620; x_wconf 89' lang='lat' dir='ltr'>quisquam,</span> <span class='ocrx_word' id='word_1_79' title='bbox 1012 1557 1141 1600; x_wconf 90' lang='lat' dir='ltr'>non</span> <span class='ocrx_word' id='word_1_80' title='bbox 1167 1535 1561 1618; x_wconf 82' lang='lat' dir='ltr'>contingere.</span> <span class='ocrx_word' id='word_1_81' title='bbox 1614 1534 2026 1599; x_wconf 84' lang='lat' dir='ltr'>interciderat</span> <span class='ocrx_word' id='word_1_82' title='bbox 2048 1536 2247 1600; x_wconf 89' lang='lat' dir='ltr'>sortis</span> 
     </span>
     <span class='ocr_line' id='line_1_14' title="bbox 417 1639 2244 1723; baseline 0.001 -21"><span class='ocrx_word' id='word_1_83' title='bbox 417 1640 734 1704; x_wconf 86' lang='lat' dir='ltr'>humanae</span> <span class='ocrx_word' id='word_1_84' title='bbox 771 1639 1225 1704; x_wconf 85' lang='lat' dir='ltr'>commercium</span> <span class='ocrx_word' id='word_1_85' title='bbox 1258 1639 1322 1703; x_wconf 88' lang='lat' dir='ltr'>vi</span> <span class='ocrx_word' id='word_1_86' title='bbox 1350 1644 1581 1718; x_wconf 85' lang='lat' dir='ltr'>metus,</span> <span class='ocrx_word' id='word_1_87' title='bbox 1628 1646 2063 1723; x_wconf 88' lang='lat' dir='ltr'>quantumque</span> <span class='ocrx_word' id='word_1_88' title='bbox 2098 1660 2244 1704; x_wconf 89' lang='lat' dir='ltr'>sae-</span> 
     </span>
     <span class='ocr_line' id='line_1_15' title="bbox 417 1743 1709 1826; baseline -0.002 -19"><span class='ocrx_word' id='word_1_89' title='bbox 417 1743 572 1807; x_wconf 85' lang='lat' dir='ltr'>vitia</span> <span class='ocrx_word' id='word_1_90' title='bbox 615 1743 936 1826; x_wconf 85' lang='lat' dir='ltr'>glisceret,</span> <span class='ocrx_word' id='word_1_91' title='bbox 981 1743 1305 1808; x_wconf 86' lang='lat' dir='ltr'>miseratio</span> <span class='ocrx_word' id='word_1_92' title='bbox 1355 1743 1709 1807; x_wconf 84' lang='lat' dir='ltr'>arcebatur.</span> 
     </span>
    </p>

    <p class='ocr_par' dir='ltr' id='par_1_6' title="bbox 411 1845 2269 2243">
     <span class='ocr_line' id='line_1_16' title="bbox 545 1845 2243 1931; baseline 0.001 -21"><span class='ocrx_word' id='word_1_93' title='bbox 545 1849 650 1912; x_wconf 85' lang='lat'>20.</span> <span class='ocrx_word' id='word_1_94' title='bbox 713 1847 842 1912; x_wconf 84' lang='lat' dir='ltr'>Sub</span> <span class='ocrx_word' id='word_1_95' title='bbox 873 1847 1048 1912; x_wconf 91' lang='lat' dir='ltr'>idem</span> <span class='ocrx_word' id='word_1_96' title='bbox 1071 1852 1329 1931; x_wconf 89' lang='lat' dir='ltr'>tempus</span> <span class='ocrx_word' id='word_1_97' title='bbox 1357 1845 1555 1910; x_wconf 81' lang='lat' dir='ltr'>Gaius</span> <span class='ocrx_word' id='word_1_98' title='bbox 1584 1845 1840 1928; x_wconf 85' lang='lat' dir='ltr'>Caesar,</span> <span class='ocrx_word' id='word_1_99' title='bbox 1876 1845 2243 1911; x_wconf 88' lang='lat' dir='ltr'>discedenti</span> 
     </span>
     <span class='ocr_line' id='line_1_17' title="bbox 418 1951 2238 2037; baseline -0.001 -20"><span class='ocrx_word' id='word_1_100' title='bbox 418 1951 700 2036; x_wconf 81' lang='lat' dir='ltr'>Capreas</span> <span class='ocrx_word' id='word_1_101' title='bbox 745 1974 865 2017; x_wconf 88' lang='lat' dir='ltr'>avo</span> <span class='ocrx_word' id='word_1_102' title='bbox 913 1973 1165 2035; x_wconf 89' lang='lat' dir='ltr'>comes,</span> <span class='ocrx_word' id='word_1_103' title='bbox 1227 1951 1597 2035; x_wconf 81' lang='lat' dir='ltr'>Claudiam,</span> <span class='ocrx_word' id='word_1_104' title='bbox 1642 1951 1729 2016; x_wconf 90' lang='lat' dir='ltr'>M.</span> <span class='ocrx_word' id='word_1_105' title='bbox 1777 1952 1974 2016; x_wconf 83' lang='lat' dir='ltr'>Silani</span> <span class='ocrx_word' id='word_1_106' title='bbox 2019 1951 2238 2037; x_wconf 90' lang='lat' dir='ltr'>filiam,</span> 
     </span>
     <span class='ocr_line' id='line_1_18' title="bbox 411 2055 2269 2140; baseline 0 -19"><span class='ocrx_word' id='word_1_107' title='bbox 411 2057 713 2139; x_wconf 85' lang='lat' dir='ltr'>coniugio</span> <span class='ocrx_word' id='word_1_108' title='bbox 761 2057 1026 2140; x_wconf 87' lang='lat' dir='ltr'>accepit,</span> <span class='ocrx_word' id='word_1_109' title='bbox 1073 2057 1417 2121; x_wconf 86' lang='lat' dir='ltr'>immanem</span> <span class='ocrx_word' id='word_1_110' title='bbox 1452 2056 1734 2121; x_wconf 90' lang='lat' dir='ltr'>animum</span> <span class='ocrx_word' id='word_1_111' title='bbox 1780 2055 2053 2121; x_wconf 88' lang='lat' dir='ltr'>subdola</span> <span class='ocrx_word' id='word_1_112' title='bbox 2096 2078 2269 2121; x_wconf 89' lang='lat' dir='ltr'>mo·-</span> 
     </span>
     <span class='ocr_line' id='line_1_19' title="bbox 415 2159 2234 2243; baseline 0.001 -20"><span class='ocrx_word' id='word_1_113' title='bbox 415 2159 620 2224; x_wconf 88' lang='lat' dir='ltr'>destia</span> <span class='ocrx_word' id='word_1_114' title='bbox 663 2168 912 2243; x_wconf 88' lang='lat' dir='ltr'>tegens,</span> <span class='ocrx_word' id='word_1_115' title='bbox 957 2182 1087 2224; x_wconf 93' lang='lat' dir='ltr'>non</span> <span class='ocrx_word' id='word_1_116' title='bbox 1121 2160 1531 2225; x_wconf 89' lang='lat' dir='ltr'>damnatione</span> <span class='ocrx_word' id='word_1_117' title='bbox 1568 2161 1808 2242; x_wconf 76' lang='lat' dir='ltr'>matria,</span> <span class='ocrx_word' id='word_1_118' title='bbox 1853 2182 1987 2225; x_wconf 90' lang='grc'><strong>11011</strong></span> <span class='ocrx_word' id='word_1_119' title='bbox 2032 2161 2234 2225; x_wconf 83' lang='lat' dir='ltr'>exitio</span> 
     </span>
    </p>

    <p class='ocr_par' dir='ltr' id='par_1_7' title="bbox 371 2263 2239 2744">
     <span class='ocr_line' id='line_1_20' title="bbox 371 2263 2239 2349; baseline 0.002 -26"><span class='ocrx_word' id='word_1_120' title='bbox 371 2286 396 2323; x_wconf 77' lang='lat'>⁵</span> <span class='ocrx_word' id='word_1_121' title='bbox 411 2265 674 2329; x_wconf 88' lang='lat' dir='ltr'>fratrum</span> <span class='ocrx_word' id='word_1_122' title='bbox 693 2270 884 2349; x_wconf 90' lang='lat' dir='ltr'>rupta</span> <span class='ocrx_word' id='word_1_123' title='bbox 899 2284 1089 2345; x_wconf 84' lang='lat' dir='ltr'>voce3</span> <span class='ocrx_word' id='word_1_124' title='bbox 1113 2264 1368 2348; x_wconf 90' lang='lat' dir='ltr'>qualem</span> <span class='ocrx_word' id='word_1_125' title='bbox 1390 2263 1564 2329; x_wconf 90' lang='lat' dir='ltr'>diem</span> <span class='ocrx_word' id='word_1_126' title='bbox 1580 2264 1876 2329; x_wconf 82' lang='lat' dir='ltr'>Tiberius</span> <span class='ocrx_word' id='word_1_127' title='bbox 1897 2263 2239 2347; x_wconf 89' lang='lat' dir='ltr'>induisset,</span> 
     </span>
     <span class='ocr_line' id='line_1_21' title="bbox 413 2366 2236 2453; baseline 0 -21"><span class='ocrx_word' id='word_1_128' title='bbox 413 2369 551 2453; x_wconf 89' lang='lat' dir='ltr'>pari</span> <span class='ocrx_word' id='word_1_129' title='bbox 579 2368 822 2449; x_wconf 89' lang='lat' dir='ltr'>habitu,</span> <span class='ocrx_word' id='word_1_130' title='bbox 851 2366 1025 2432; x_wconf 91' lang='lat' dir='ltr'>haud</span> <span class='ocrx_word' id='word_1_131' title='bbox 1054 2367 1325 2431; x_wconf 91' lang='lat' dir='ltr'>multum</span> <span class='ocrx_word' id='word_1_132' title='bbox 1359 2366 1739 2432; x_wconf 88' lang='lat' dir='ltr'>distantibus</span> <span class='ocrx_word' id='word_1_133' title='bbox 1772 2367 2003 2431; x_wconf 87' lang='lat' dir='ltr'>verbis.</span> <span class='ocrx_word' id='word_1_134' title='bbox 2057 2368 2236 2433; x_wconf 90' lang='lat' dir='ltr'>unde</span> 
     </span>
     <span class='ocr_line' id='line_1_22' title="bbox 412 2470 2236 2557; baseline 0.002 -24"><span class='ocrx_word' id='word_1_135' title='bbox 412 2491 570 2533; x_wconf 82' lang='lat' dir='ltr'>mox</span> <span class='ocrx_word' id='word_1_136' title='bbox 617 2471 845 2535; x_wconf 88' lang='lat' dir='ltr'>scitum</span> <span class='ocrx_word' id='word_1_137' title='bbox 874 2470 1164 2535; x_wconf 87' lang='lat' dir='ltr'>Passieni</span> <span class='ocrx_word' id='word_1_138' title='bbox 1210 2472 1481 2535; x_wconf 89' lang='lat' dir='ltr'>oratoris</span> <span class='ocrx_word' id='word_1_139' title='bbox 1528 2472 1767 2535; x_wconf 88' lang='lat' dir='ltr'>dictum</span> <span class='ocrx_word' id='word_1_140' title='bbox 1814 2472 2236 2557; x_wconf 86' lang='lat' dir='ltr'>percrebruit,</span> 
     </span>
     <span class='ocr_line' id='line_1_23' title="bbox 410 2576 2235 2660; baseline 0.002 -23"><span class='ocrx_word' id='word_1_141' title='bbox 410 2594 620 2658; x_wconf 90' lang='lat' dir='ltr'>neque</span> <span class='ocrx_word' id='word_1_142' title='bbox 645 2576 982 2639; x_wconf 91' lang='lat' dir='ltr'>meliorem</span> <span class='ocrx_word' id='word_1_143' title='bbox 1003 2597 1307 2659; x_wconf 88' lang='lat' dir='ltr'>umquam</span> <span class='ocrx_word' id='word_1_144' title='bbox 1332 2596 1589 2641; x_wconf 81' lang='lat' dir='ltr'>servum</span> <span class='ocrx_word' id='word_1_145' title='bbox 1608 2598 1821 2660; x_wconf 90' lang='lat' dir='ltr'>neque</span> <span class='ocrx_word' id='word_1_146' title='bbox 1842 2577 2235 2643; x_wconf 88' lang='lat' dir='ltr'>deteriorem</span> 
     </span>
     <span class='ocr_line' id='line_1_24' title="bbox 415 2676 1008 2744; baseline 0 -3"><span class='ocrx_word' id='word_1_147' title='bbox 415 2676 746 2742; x_wconf 67' lang='lat' dir='ltr'>dominum</span> <span class='ocrx_word' id='word_1_148' title='bbox 789 2678 1008 2744; x_wconf 90' lang='lat' dir='ltr'>fuisse.</span> 
     </span>
    </p>

    <p class='ocr_par' dir='ltr' id='par_1_8' title="bbox 340 2781 2235 3285">
     <span class='ocr_line' id='line_1_25' title="bbox 340 2781 2232 2869; baseline 0.004 -28"><span class='ocrx_word' id='word_1_149' title='bbox 340 2803 395 2842; x_wconf 92' lang='lat'>10</span> <span class='ocrx_word' id='word_1_150' title='bbox 540 2781 690 2847; x_wconf 86' lang='lat' dir='ltr'>Non</span> <span class='ocrx_word' id='word_1_151' title='bbox 750 2782 1075 2846; x_wconf 89' lang='lat' dir='ltr'>omiserim</span> <span class='ocrx_word' id='word_1_152' title='bbox 1130 2786 1544 2869; x_wconf 87' lang='lat' dir='ltr'>praesagium</span> <span class='ocrx_word' id='word_1_153' title='bbox 1586 2785 1831 2851; x_wconf 82' lang='lat' dir='ltr'>Tiberii</span> <span class='ocrx_word' id='word_1_154' title='bbox 1876 2785 1959 2851; x_wconf 90' lang='lat' dir='ltr'>de</span> <span class='ocrx_word' id='word_1_155' title='bbox 2006 2786 2232 2850; x_wconf 79' lang='lat' dir='ltr'>Servio</span> 
     </span>
     <span class='ocr_line' id='line_1_26' title="bbox 415 2886 2235 2973; baseline 0.001 -22"><span class='ocrx_word' id='word_1_156' title='bbox 415 2886 622 2951; x_wconf 82' lang='lat' dir='ltr'>Galba</span> <span class='ocrx_word' id='word_1_157' title='bbox 676 2893 813 2951; x_wconf 88' lang='lat' dir='ltr'>tum</span> <span class='ocrx_word' id='word_1_158' title='bbox 876 2888 1172 2970; x_wconf 83' lang='lat' dir='ltr'>consule3</span> <span class='ocrx_word' id='word_1_159' title='bbox 1238 2909 1431 2973; x_wconf 91' lang='lat' dir='ltr'>quem</span> <span class='ocrx_word' id='word_1_160' title='bbox 1495 2890 1769 2955; x_wconf 86' lang='lat' dir='ltr'>accitum</span> <span class='ocrx_word' id='word_1_161' title='bbox 1834 2897 1900 2954; x_wconf 90' lang='lat' dir='ltr'>et</span> <span class='ocrx_word' id='word_1_162' title='bbox 1964 2889 2235 2954; x_wconf 88' lang='lat' dir='ltr'>diversis</span> 
     </span>
     <span class='ocr_line' id='line_1_27' title="bbox 411 2992 2230 3081; baseline 0.002 -26"><span class='ocrx_word' id='word_1_163' title='bbox 411 2992 816 3056; x_wconf 89' lang='lat' dir='ltr'>sermonibus</span> <span class='ocrx_word' id='word_1_164' title='bbox 861 2998 1364 3076; x_wconf 86' lang='lat' dir='ltr'>pertemptatum</span> <span class='ocrx_word' id='word_1_165' title='bbox 1408 2999 1737 3078; x_wconf 87' lang='lat' dir='ltr'>postremo</span> <span class='ocrx_word' id='word_1_166' title='bbox 1774 2993 2039 3059; x_wconf 81' lang='lat' dir='ltr'>Graecis</span> <span class='ocrx_word' id='word_1_167' title='bbox 2084 3016 2230 3081; x_wconf 83' lang='lat' dir='ltr'>ver-</span> 
     </span>
     <span class='ocr_line' id='line_1_28' title="bbox 410 3095 2229 3181; baseline 0.001 -22"><span class='ocrx_word' id='word_1_168' title='bbox 410 3095 508 3159; x_wconf 91' lang='lat' dir='ltr'>bis</span> <span class='ocrx_word' id='word_1_169' title='bbox 554 3096 619 3159; x_wconf 90' lang='lat' dir='ltr'>in</span> <span class='ocrx_word' id='word_1_170' title='bbox 662 3097 828 3161; x_wconf 90' lang='lat' dir='ltr'>hanc</span> <span class='ocrx_word' id='word_1_171' title='bbox 871 3098 1258 3160; x_wconf 90' lang='lat' dir='ltr'>sententiam</span> <span class='ocrx_word' id='word_1_172' title='bbox 1304 3097 1675 3163; x_wconf 86' lang='lat' dir='ltr'>adlocutus:</span> <span class='ocrx_word' id='word_1_173' title='bbox 1723 3104 1809 3180; x_wconf 89' lang='lat' dir='ltr'>,et</span> <span class='ocrx_word' id='word_1_174' title='bbox 1851 3104 1956 3181; x_wconf 87' lang='lat' dir='ltr'>tu,</span> <span class='ocrx_word' id='word_1_175' title='bbox 2004 3099 2229 3180; x_wconf 81' lang='lat' dir='ltr'>Galba,</span> 
     </span>
     <span class='ocr_line' id='line_1_29' title="bbox 414 3198 2229 3285; baseline 0.003 -24"><span class='ocrx_word' id='word_1_176' title='bbox 414 3198 795 3283; x_wconf 89' lang='lat' dir='ltr'>quandoque</span> <span class='ocrx_word' id='word_1_177' title='bbox 843 3199 1214 3283; x_wconf 87' lang='lat' dir='ltr'>degustabis</span> <span class='ocrx_word' id='word_1_178' title='bbox 1259 3199 1655 3285; x_wconf 85' lang='lat' dir='ltr'>imperium‘,</span> <span class='ocrx_word' id='word_1_179' title='bbox 1716 3222 1925 3265; x_wconf 87' lang='lat' dir='ltr'>seram</span> <span class='ocrx_word' id='word_1_180' title='bbox 1967 3222 2041 3265; x_wconf 86' lang='lat' dir='ltr'>ac</span> <span class='ocrx_word' id='word_1_181' title='bbox 2084 3202 2229 3267; x_wconf 89' lang='lat' dir='ltr'>bre-</span> 
     </span>
    </p>

    <p class='ocr_par' dir='ltr' id='par_1_9' title="bbox 347 3302 2229 3493">
     <span class='ocr_line' id='line_1_30' title="bbox 347 3302 2229 3387; baseline 0.002 -19"><span class='ocrx_word' id='word_1_182' title='bbox 347 3330 396 3368; x_wconf 85' lang='lat'>15</span> <span class='ocrx_word' id='word_1_183' title='bbox 412 3322 561 3366; x_wconf 87' lang='lat' dir='ltr'>vem</span> <span class='ocrx_word' id='word_1_184' title='bbox 606 3302 958 3386; x_wconf 86' lang='lat' dir='ltr'>potentiam</span> <span class='ocrx_word' id='word_1_185' title='bbox 1005 3302 1397 3387; x_wconf 89' lang='lat' dir='ltr'>significans,</span> <span class='ocrx_word' id='word_1_186' title='bbox 1442 3305 1711 3370; x_wconf 88' lang='lat' dir='ltr'>scientia</span> <span class='ocrx_word' id='word_1_187' title='bbox 1756 3304 2229 3371; x_wconf 80' lang='lat' dir='ltr'>Chaldaeorum</span> 
     </span>
     <span class='ocr_line' id='line_1_31' title="bbox 415 3404 2227 3493; baseline 0.002 -24"><span class='ocrx_word' id='word_1_188' title='bbox 415 3406 603 3486; x_wconf 86' lang='lat' dir='ltr'>artis,</span> <span class='ocrx_word' id='word_1_189' title='bbox 681 3405 858 3470; x_wconf 89' lang='lat' dir='ltr'>cuius</span> <span class='ocrx_word' id='word_1_190' title='bbox 929 3406 1316 3490; x_wconf 87' lang='lat' dir='ltr'>apiscendae</span> <span class='ocrx_word' id='word_1_191' title='bbox 1392 3404 1605 3472; x_wconf 90' lang='lat' dir='ltr'>otium&#39;</span> <span class='ocrx_word' id='word_1_192' title='bbox 1666 3408 1839 3493; x_wconf 90' lang='lat' dir='ltr'>apud</span> <span class='ocrx_word' id='word_1_193' title='bbox 1903 3408 2227 3491; x_wconf 88' lang='lat' dir='ltr'>Rhodum,</span> 
     </span>
    </p>
   </div>
  </div>
 </body>
</html>
