2467 3900
661 246 736 287 AB
764 245 1016 286 EXCESSU
1044 247 1174 286 DIVI
1202 246 1458 286 AUGUSTI
1485 247 1548 286 VI
1576 246 1747 286 41—44.
2003 241 2117 296 247

300 393 550 471 Surena
619 408 841 492 ,patrio
928 429 1106 472 more
1193 406 1527 471 Tiridaten
1612 406 1849 489 insigni
1934 405 2116 490 regio

301 511 566 575 evinxit.
2138 531 2189 569 2⁵

430 616 532 678 43.
586 615 686 680 Ac
733 617 784 679 si
831 616 1045 680 statim
1076 616 1386 680 interiora
1418 621 1794 698 ceterasque
1827 615 2121 680 nationes

301 718 652 802 petivisset,
693 740 1006 803 oppressa
1053 721 1489 783 cunctantium
1528 718 1840 783 dubitatio
1882 724 1947 784 et
1985 741 2119 783 om-

299 843 414 887 nes
459 823 526 886 in
570 843 768 886 unum
819 822 1170 887 cedebant:
1230 821 1589 887 adsidendo
1642 822 2007 904 castellum,
2054 822 2119 884 in

297 926 476 1010 quod
517 929 858 1011 pecuniam
901 926 1272 992 Artabanus
1322 927 1700 1007 contulerat,
1749 926 1929 990 dedit
1974 947 2117 1011 spa-

297 1030 459 1094 tium
505 1030 790 1095 exuendi
835 1037 1042 1116 pacta.
1128 1053 1279 1095 nam
1323 1031 1635 1095 Phraates
1694 1035 1759 1092 et
1802 1029 2007 1092 Hiero
2055 1035 2163 1094 et⁵

299 1135 466 1218 siqui
507 1135 618 1199 alii
655 1134 978 1200 delectum
1011 1134 1327 1220 capiendo
1364 1133 1713 1198 diademati
1752 1133 1923 1197 diem
1962 1131 2121 1196 haut

301 1240 944 1322 concelebraverant,
997 1262 1146 1325 pars
1189 1245 1400 1322 metu,
1463 1239 1723 1324 quidam
1767 1237 2009 1303 invidia
2054 1237 2120 1303 in

300 1343 766 1429 Abdagaesen,
833 1347 939 1429 qui
995 1350 1132 1409 tum
1183 1345 1333 1408 aula
1378 1350 1445 1409 et
1490 1364 1658 1408 novo
1705 1364 1864 1427 rege
1908 1343 2117 1427 potie-

298 1448 505 1530 batur,
553 1449 636 1514 ad
681 1449 1081 1514 Artabanum
1129 1454 1420 1529 vertere3
1468 1451 1651 1533 isque
1698 1449 1765 1512 in
1798 1447 2118 1532 Hyrcanis

299 1559 597 1636 repertus
645 1560 744 1618 est
787 1554 1030 1619 inluvie
1079 1554 1323 1617 obsitus
1370 1559 1436 1617 et
1480 1552 1785 1618 alimenta
1815 1572 1967 1615 arcu
2003 1573 2115 1615 ex·
2138 1569 2189 1607 10

298 1656 588 1741 pedienS.
649 1678 724 1721 ac
755 1659 960 1744 primo
994 1666 1323 1744 tamquam
1357 1659 1543 1724 dolus
1575 1664 1911 1743 pararetur
1930 1657 2116 1722 terri-

303 1767 440 1845 tus,
503 1764 614 1828 ubi
679 1763 829 1828 data
885 1764 1047 1830 fides
1105 1763 1477 1829 reddendae
1536 1763 1959 1828 dominationi
2003 1783 2115 1826 ve-

301 1867 506 1951 nisse,
562 1867 899 1932 adlevatur
943 1870 1224 1934 animum
1275 1874 1341 1933 et
1386 1889 1549 1954 quae
1596 1867 1933 1953 repentina
1977 1887 2115 1929 mu-

301 1972 459 2036 tatio
525 1973 824 2057 exquirit.
926 1981 1063 2039 tum
1136 1974 1341 2040 Hiero
1414 1973 1757 2058 pueritiam
1817 1970 2120 2035 Tiridatis

300 2076 593 2160 increpat
652 2099 864 2162 neque
919 2099 1118 2163 penes
1166 2076 1527 2142 Arsaciden
1571 2077 1947 2162 imperium,
2006 2076 2193 2139 sed15

302 2182 491 2245 inane
537 2202 776 2246 nomen
805 2182 978 2265 apud
1016 2182 1321 2247 inbellem
1354 2188 1625 2247 externa
1655 2180 1945 2263 mollitia,
1988 2180 2122 2243 vim

301 2284 368 2348 in
403 2284 820 2370 ,Abdagaesis
868 2286 1082 2350 dome.

433 2390 536 2452 44.
584 2390 801 2454 Sensit
829 2395 1016 2454 vetus
1046 2389 1365 2474 regnandi
1394 2391 1591 2454 falsos
1623 2390 1690 2453 in
1720 2410 1939 2455 amore
1974 2388 2124 2452 odia

305 2514 435 2557 non
507 2494 772 2577 fingere.
889 2516 1010 2559 nec
1080 2495 1253 2559 ultra
1323 2501 1612 2559 moratus
1700 2514 1893 2578 quam
1970 2492 2122 2556 dum

304 2597 684 2681 Scytharum
756 2599 1002 2663 auxilia
1059 2600 1346 2664 conciret
1408 2598 1624 2684 pergit
1680 2618 1999 2681 properus
2056 2600 2123 2659 et

302 2702 728 2783 praeveniens
773 2702 1180 2769 inimicorum
1242 2707 1447 2785 astus,
1505 2702 1859 2765 amicorum
1903 2700 2123 2785 paeni-

303 2803 608 2887 tentiam3
670 2826 879 2891 neque
944 2812 1214 2871 exuerat
1277 2805 1662 2891 paedorem,
1722 2811 1793 2869 ut
1857 2804 2167 2889 vulgum⁵

301 2908 714 2973 miseratione
762 2910 1150 2975 adverteret.
1241 2930 1372 2974 non
1427 2910 1630 2990 fraus,
1694 2929 1828 2972 non
1870 2927 2121 2991 preces,

302 3012 462 3076 nihil
510 3014 816 3077 omissum
876 3035 1002 3098 quo
1051 3014 1387 3097 ambiguos
1446 3013 1775 3095 inliceret,
1838 3011 2123 3097 prompti

302 3114 723 3181 firmarentur.
813 3118 1064 3202 iamque
1111 3118 1316 3182 multa
1361 3139 1555 3181 manu
1600 3117 1962 3201 propinqua
2005 3116 2121 3180 Se-

302 3219 550 3285 leuciae
587 3220 998 3303 adventabat,
1047 3243 1193 3285 cum
1227 3221 1547 3286 Tiridates
1593 3220 1781 3284 simul
1826 3218 1995 3282 fama
2026 3227 2121 3283 at-

305 3344 427 3408 que
489 3325 630 3409 ipso
688 3324 1020 3390 Artabano
1085 3328 1421 3410 perculsus
1484 3324 1756 3393 distrahi
1820 3324 2122 3407 consiliis,
2138 3348 2191 3387 10

301 3428 425 3493 iret
471 3437 696 3494 contra
737 3451 820 3493 an
863 3431 1107 3494 bellum
1145 3430 1551 3495 cunctatione
1590 3433 1913 3492 tractaret.
1980 3428 2119 3512 qui-
