2467 3900
540 253 548 260 “
613 263 690 302 AB
717 261 968 301 Excnssu
995 262 1125 302 DIVI
1151 261 1407 301 Aueus'n
1436 262 1498 301 vi
1526 262 1696 300 44-46.
1954 257 2071 314 249

252 442 412 507 quos
450 421 746 491 ,omiserit
788 421 1189 507 receperitve
1235 422 1301 485 in
1336 421 1582 486 incerto
1629 419 1751 484 fuit
1790 421 1869 485 ob
1918 441 2069 504 pro-

252 527 560 611 pinquum
621 527 792 591 vitae
852 527 1068 591 finem.
1157 547 1369 611 neque
1435 526 1605 590 enim
1662 527 1866 589 :multo
1924 531 2075 609 post

252 630 532 714 supremi
565 629 822 695 Tiberio
858 631 1186 711 consules}
1212 629 1330 694 Cn.
1363 627 1759 693 Acerronius
1795 628 1867 693 C.
1898 628 2071 692 Pon-

251 733 411 816 tius,
475 733 922 816 magistratum
988 754 1299 818 occepere
1357 733 1555 797 nimia
1598 734 1726 796 iam
1785 733 2077 818 potentia

249 838 597 920 Macronis,
646 837 754 920 qui
785 836 1060 925 gratiam
1093 835 1218 900 Gai
1250 836 1545 901 Caesaris
1576 858 1923 922 numquam
1956 836 2075 900 sibi
2094 861 2146 898 20

249 942 620 1025 neglectam
680 941 887 1004 acrius
949 939 1017 1004 in
1081 940 1218 1004 dies
1280 940 1543 1005 fovebat
1603 940 2075 1025 impuleratque

250 1053 401 1132 post
445 1054 724 1111 mortem
771 1044 1112 1128 Claudiae,
1177 1066 1367 1129 quam
1412 1050 1682 1129 nuptam
1730 1044 1788 1108 ei
1836 1045 2074 1126 rettuli,

251 1171 529 1214 uxorem
574 1171 755 1213 suam
785 1149 1065 1213 Enniam
1096 1148 1411 1213 imitando
1450 1169 1739 1212 amorem
1774 1148 2077 1238 iuvenem

251 1255 515 1319 inlicere
572 1258 893 1339 pactoque
950 1252 1347 1316 matrimonii
1410 1252 1682 1333 vincire,
1738 1251 1900 1316 nihil
1962 1251 2073 1316 ab·

252 1364 578 1441 nuentem,
618 1358 771 1422 dum
805 1356 1263 1421 dominationis
1296 1356 1724 1442 apisceretur3
1772 1377 1919 1418 nam
1956 1356 2075 1419 etsi
2095 1376 2148 1414 25

255 1469 616 1528 commotus
676 1461 938 1546 ingenio
1000 1461 1482 1525 simulationum
1540 1467 1758 1526 tamen
1804 1461 1965 1524 falsa
2006 1459 2073 1522 in

253 1567 396 1630 sinu
442 1565 544 1629 avi
589 1563 1044 1648 perdidicerat.

384 1670 488 1732 46.
554 1667 843 1731 Gnarum
888 1668 1012 1733 hoc
1055 1669 1329 1755 principi
1374 1690 1583 1754 eoque
1634 1669 1948 1733 dubitavit
1996 1669 2077 1732 de

251 1771 570 1838 tradenda
613 1793 684 1836 re
732 1772 1010 1857 publica,
1056 1773 1335 1857 primum
1378 1773 1547 1836 inter
1583 1777 1874 1857 nepoteS,
1923 1791 2077 1857 quo-

251 1900 396 1942 rum
439 1878 656 1940 Druso
717 1867 974 1961 genitus
1021 1877 1335 1960 sanguine
1395 1881 1462 1940 et
1508 1875 1769 1940 caritate
1796 1875 2079 1961 'propior

255 1982 374 2047 sed
435 1980 728 2045 nondum
792 1981 1205 2064 pubertatem
1274 1982 1631 2065 ingressus,
1712 1979 2079 2044 Germanici

249 2087 384 2151 filio
450 2086 648 2150 robur
712 2086 1058 2168 iuventae,
1123 2085 1304 2169 vulgi
1366 2085 1579 2149 studia
1640 2106 1845 2170 eaque
1905 2083 2121 2168 apuds

251 2212 446 2256 avum
511 2190 646 2254 odii
710 2210 923 2253 causa.
1025 2191 1220 2254 etiam
1301 2190 1381 2255 de
1445 2189 1718 2254 Claudio
1789 2188 2077 2272 agitanti,
2126 2267 2133 2275 ι

253 2295 430 2380 quod
477 2293 813 2379 conposita
859 2297 1104 2375 aetate,
1150 2294 1466 2358 bonarum
1513 2295 1744 2359 artium
1790 2294 2077 2377 cupiens,

252 2401 570 2464 inminuta
623 2419 808 2463 mens
872 2397 1138 2462 obstitit.
1222 2399 1326 2461 sin
1387 2404 1571 2463 extra
1617 2398 1879 2462 domum
1938 2418 2079 2461 suc-

256 2526 474 2569 cessor
493 2509 931 2589 quaereretur,
963 2524 1044 2566 ne
1066 2504 1380 2567 memoria
1400 2502 1701 2589 Augusti,
1732 2525 1814 2567 ne
1838 2522 2077 2567 nomen

258 2609 608 2673 Caesarum
673 2609 736 2671 in
795 2606 1076 2671 ludibria
1135 2612 1202 2671 et
1270 2608 1688 2671 contumelias
1749 2613 2079 2672 verterent
2096 2626 2149 2666 10

256 2711 624 2777 metuebat:
688 2712 926 2797 quippe
984 2712 1078 2775 illi
1135 2732 1264 2775 non
1315 2711 1585 2796 perinde
1634 2732 1823 2775 curae
1870 2712 2080 2793 gratia

253 2818 694 2902 praesentium
741 2838 930 2902 quam
977 2816 1044 2880 in
1087 2821 1386 2901 posteros
1423 2816 1710 2879 ambitio.
1785 2837 1942 2879 mox
1981 2815 2075 2876 in-

258 2930 474 2986 certus
521 2921 748 3003 animi,
804 2921 975 2985 fesso
1025 2940 1331 3003 corpore,
1379 2920 1749 3001 consilium,
1812 2918 1913 2983 cui
1956 2918 2075 2980 im-

256 3046 394 3109 par,
440 3026 573 3090 fato
621 3024 934 3109 permisit,
969 3024 1164 3087 ⁴iactis
1209 3030 1429 3087 tamen
1474 3023 1741 3088 vocibus
1771 3043 1888 3107 per
1922 3041 2077 3106 quas

255 3129 751 3212 intellegeretur
793 3126 1102 3213 providus
1146 3127 1539 3208 futurorum3
1604 3146 1879 3209 namque
1939 3124 2076 3190 Ma·
2098 3153 2151 3192 15

259 3235 437 3298 croni
518 3254 651 3297 non
725 3231 946 3296 abdita
1017 3231 1290 3315 ambage
1369 3230 1768 3296 occidentem
1845 3227 2077 3311 deseri,

263 3339 580 3405 orientem
611 3336 888 3422 spectari
917 3336 1365 3419 exprobravit:
1418 3334 1581 3397 Graio
1619 3332 1881 3397 Caesari
1910 3332 2078 3397 forte

256 3464 554 3507 sermone
601 3442 676 3506 L.
725 3440 966 3505 Sullam
1013 3440 1318 3505 inridenti
1371 3440 1587 3503 omnia
1633 3437 1848 3502 Sullae
1903 3438 2078 3522 vitia,
