2467 3900
391 251 506 308 202
971 195 998 230 ο
1067 251 1345 294 CORNELII
1370 251 1569 292 'rAcrr1

392 422 563 497 tare,
629 416 887 500 quidam
951 403 1338 477 salutatione
1400 409 1657 476 reddita
1717 411 1931 473 statim
1994 408 2222 491 averti,

392 521 682 604 plerique
723 519 1049 602 inceptum
1085 536 1457 582 sermonem
1488 516 1893 598 abrumpere,
1938 512 2221 576 sistenti-

391 624 511 687 bus
543 621 897 686 ridentibus
932 621 1040 705 qui
1071 620 1305 685 Seiano
1338 619 1623 683 fautores
1656 616 1944 681 aderant.
2015 617 2221 681 enim-

325 741 375 780 10
394 746 547 789 vero
595 723 886 788 Tiberius
945 729 1167 788 torvus
1217 728 1329 788 aut
1371 723 1606 787 falsum
1649 721 1955 786 renidens
1999 723 2218 786 vultu:

392 849 508 892 seu
568 829 942 911 loqueretur
1004 849 1118 891 seu
1173 832 1422 892 taceret
1482 826 1766 906 invenie,
1834 826 2076 890 crimen
2138 847 2224 890 ex

395 932 683 1013 silenti0,
744 952 828 995 ex
857 935 1054 996 voce.
1143 952 1226 995 ne
1272 953 1406 996 nox
1451 929 1715 1016 quidem
1760 951 2014 1013 secura,
2074 951 2222 994 cum

393 1056 560 1098 uxor
601 1035 857 1118 vigilias
903 1055 1164 1098 somnos
1212 1036 1482 1121 suspiria
1528 1036 1716 1100 matri
1756 1035 1981 1099 Liviae
2026 1040 2221 1118 atque

392 1141 503 1204 illa
548 1140 780 1214 Seiano
837 1139 1263 1223 patefaceret3
1321 1140 1430 1224 qui
1472 1139 1737 1204 fratrem
1784 1161 2041 1224 quoque
2086 1138 2150 1202 N
2154 1161 2221 1204 e-

327 1268 377 1307 15
393 1245 568 1308 ronis
613 1243 898 1308 Drusum
945 1243 1144 1306 traxit
1186 1243 1253 1307 in
1296 1249 1533 1327 partes,
1583 1264 1697 1328 spe
1747 1244 2003 1308 obiecta
2045 1243 2221 1328 prin-

396 1349 554 1433 cipis
612 1348 770 1430 loci,
831 1347 884 1411 si
942 1348 1224 1431 priorem
1282 1355 1493 1412 aetate
1552 1354 1618 1412 et
1660 1348 1788 1412 iam
1833 1348 2224 1412 labefactum

394 1453 804 1518 demovisset.
894 1457 1086 1515 atrox
1143 1452 1340 1516 Drusi
1398 1452 1731 1536 ingenium
1794 1473 1988 1536 super
2047 1452 2222 1535 cupi-

397 1556 612 1619 dinem
657 1556 990 1640 potentiae
1039 1561 1105 1620 et
1151 1555 1340 1619 solita
1381 1555 1683 1618 fratribus
1732 1557 1881 1620 odia
1911 1555 2223 1620 accende·

393 1662 581 1725 batur
636 1660 911 1743 invidia,
971 1659 1147 1744 quod
1202 1667 1408 1722 mater
1452 1659 1818 1744 Agrippina
1862 1660 2224 1744 promptior

327 1787 378 1825 20
393 1764 643 1829 Neroni
700 1771 857 1828 erat.
943 1784 1154 1848 neque
1211 1769 1428 1827 tamen
1472 1763 1743 1827 Seianus
1800 1763 1892 1826 ita
1934 1763 2220 1827 Drusum

393 1868 684 1953 fovebat,
746 1876 818 1933 ut
877 1889 1009 1934 non
1070 1869 1135 1930 in
1200 1888 1348 1931 eum
1410 1888 1665 1953 quoque
1725 1868 1968 1932 semina
2024 1866 2223 1932 futuri

395 1975 576 2039 exitii
618 1974 1060 2053 meditaretur,
1104 1994 1343 2058 gnarus
1388 1974 1831 2057 praeferocem
1880 1981 1945 2038 et
1973 1971 2222 2038 insidiis

393 2080 598 2162 magis
647 2084 1103 2163 opportunum.

523 2184 626 2247 61.
690 2182 854 2246 Fine
901 2181 1050 2245 anni
1097 2201 1439 2246 excessere
1484 2181 1768 2265 insignes
1804 2182 1924 2246 viri
1954 2179 2223 2247 Asinius

395 2285 718 2369 Agrippa,
779 2284 964 2347 claris
1011 2285 1363 2349 maioribus
1412 2305 1600 2369 quam
1644 2288 1915 2351 vetustis
1960 2288 2222 2372 vitaque

393 2410 524 2453 non
580 2387 896 2471 degener,
957 2394 1022 2451 et
1068 2388 1144 2463 Q.
1191 2389 1533 2471 Haterius,
1592 2391 1833 2455 familia
1879 2391 2222 2472 senatoria,

396 2491 834 2575 eloquentiae,
881 2492 1095 2577 quoad
1139 2492 1325 2575 vixit,
1374 2493 1769 2559 celebratae:
1830 2495 2223 2560 monimenta

353 2596 615 2679 singeni
671 2596 845 2661 haud
902 2598 1172 2681 perinde
1217 2598 1596 2663 retinentur.
1686 2602 1932 2665 scilicet
1975 2602 2223 2687 impetu

396 2700 600 2782 magis
660 2721 848 2784 quam
906 2722 1059 2765 cura
1102 2700 1396 2783 vigebat3
1458 2708 1655 2785 utque
1701 2704 1973 2767 aliorum
2016 2703 2221 2768 medi-

393 2804 552 2867 tatio
615 2808 682 2866 et
737 2804 921 2868 labor
976 2804 1044 2867 in
1089 2809 1421 2888 posterum
1472 2804 1771 2887 valescit,
1832 2807 1922 2870 sic
1966 2807 2221 2872 Haterii

396 2928 698 2971 canorum
755 2905 916 2971 illud
977 2912 1044 2970 et
1098 2908 1426 2990 profluens
1484 2928 1629 2973 cum
1686 2911 1828 2994 ipso
1876 2910 2065 2974 simul
2111 2932 2222 2975 ex·
2272 2958 2279 2969 .

396 3012 687 3076 tinctum.

526 3118 628 3181 62.
691 3118 779 3182 M.
839 3117 1086 3180 Licinio
1145 3117 1221 3182 L.
1285 3117 1630 3201 Calpurnio
1692 3118 2059 3182 consulibus
2122 3118 2219 3181 in-

394 3222 685 3304 gentium
727 3220 1044 3284 bellorum
1091 3220 1343 3285 cladem
1388 3222 1690 3306 aequavit
1734 3222 1974 3286 malum
2004 3222 2219 3306 inpro-

395 3326 624 3389 visum.
715 3346 864 3390 nam
929 3333 1160 3410 coepto
1223 3328 1394 3412 apud
1444 3327 1762 3393 Fidenam
1818 3328 2218 3413 amphithea-

396 3434 495 3493 tro
541 3426 779 3493 Atilius
825 3429 1083 3513 quidam
1129 3432 1412 3497 libertini
1458 3434 1745 3516 generiS,
1794 3454 1920 3517 quo
1970 3438 2219 3518 specta-

2454 3002 2457 3149 J

2442 3772 2450 3842 1
