2467 3900
635 253 709 294 AB
735 250 988 293 EXCESSU
1013 250 1143 290 DIVI
1170 249 1424 289 AUGUSTI
1450 249 1514 287 VI
1539 247 1705 289 16—19.
1962 243 2075 299 229

257 415 440 498 grius
488 411 928 476 distrahebant
962 407 1279 490 multique
1308 405 1581 469 fortunis
1608 403 2079 489 provolveban-

258 525 408 598 tur3
466 517 716 582 eversio
777 515 874 579 rei
930 513 1260 576 familiaris
1307 510 1686 594 dignitatem
1729 530 1805 574 ac
1848 508 2080 571 famam

253 641 568 706 praeceps
601 621 812 700 dabat,
854 618 1064 682 donec
1092 617 1241 680 tulit
1273 636 1466 701 opem
1498 615 1737 680 Caesar
1768 613 2079 698 disposito
2105 638 2154 676 15

259 745 379 810 per
420 745 676 789 mensas
733 723 990 787 miliens
1049 720 1349 786 sestertio
1407 718 1704 804 factaque
1749 719 2084 783 mutuandi

258 829 448 914 copia
509 828 646 892 sine
706 828 916 891 usuris
973 845 1092 909 per
1147 823 1527 905 triennium,
1590 825 1644 886 si
1691 823 1948 887 debitor
1988 824 2085 888 rei

258 933 554 1016 publicae
599 932 664 995 in
713 929 980 1014 duplum
1026 927 1309 1013 praediis
1341 929 1635 992 cavisset.
1712 929 1802 992 sic
1844 929 2087 994 refecta

255 1035 417 1102 fides
450 1043 516 1100 et
545 1035 855 1120 paulatim
880 1035 1117 1119 privati
1148 1055 1404 1118 quoque
1438 1034 1793 1098 creditores
1821 1035 2085 1118 reperti.

257 1159 472 1224 neque
505 1138 744 1222 emptio
777 1158 1078 1221 agrorum
1110 1138 1401 1202 exercita
1429 1137 1512 1202 ad
1532 1136 1805 1202 formam
1828 1144 2085 1202 senatus
2106 1153 2157 1192 20

261 1243 557 1324 consulti,
605 1241 875 1324 acribus,
921 1249 994 1306 ut
1037 1241 1245 1306 ferme
1284 1242 1457 1320 talia,
1504 1243 1722 1321 initiis,
1766 1242 2084 1316 incurioso

264 1347 416 1411 fine.

397 1451 498 1513 18.
543 1449 716 1513 Dein
739 1447 1016 1513 redeunt
1036 1448 1289 1532 priores
1312 1454 1521 1514 metus
1541 1451 1865 1534 postulato
1890 1451 2086 1515 maie-

266 1553 448 1618 statis
497 1551 807 1618 Considio
853 1552 1169 1635 Proculo,
1229 1553 1339 1637 qui
1396 1554 1572 1642 nullo
1626 1575 1871 1639 pavore
1919 1555 2092 1618 diem
2207 1601 2213 1606 -

266 1658 544 1721 natalem
611 1656 942 1721 celebrans
1007 1661 1228 1740 raptus
1293 1656 1358 1720 in
1424 1658 1662 1722 curiam
1724 1658 2089 1743 pariterque

270 1760 606 1825 damnatus
652 1761 1186 1844 interfectusque:
1235 1762 1443 1824 sorori
1473 1762 1740 1827 Sanciae
1787 1784 1952 1848 aqua
1996 1769 2091 1826 at-

270 1887 396 1952 que
457 1867 593 1951 igni
664 1864 1078 1937 interdictum
1153 1870 1497 1929 accusante
1562 1865 1640 1940 Q.
1704 1867 2137 1952 Pomponio.5
2196 1883 2199 1890 ·

225 1964 324 2035 'is
380 1972 667 2036 moribus
724 1971 976 2055 inquies
1035 1969 1198 2035 haec
1256 1978 1323 2035 et
1378 1971 1645 2035 huiusce
1702 1970 1882 2037 modi
1942 1994 1981 2035 a
2027 1994 2094 2036 se

270 2078 549 2143 factitari
593 2075 1092 2160 praetendebat,
1147 2081 1222 2137 ut
1278 2080 1467 2160 parta
1520 2073 1694 2159 apud
1739 2075 2095 2160 principem

272 2181 480 2267 gratia
497 2180 800 2265 periculis
812 2179 1160 2263 Pomponii
1174 2179 1455 2245 Secundi
1472 2180 1683 2244 fratris
1704 2181 2095 2245 mederetur.

275 2287 470 2349 etiam
525 2286 592 2349 in
635 2285 1013 2367 Pompeiam
1066 2284 1419 2349 Macrinam
1467 2285 1731 2350 exilium
1779 2284 2096 2366 statuitur,

278 2391 456 2455 cuius
509 2392 809 2453 maritum
853 2388 1271 2473 Argolicum,
1332 2410 1629 2453 socerum
1672 2388 1999 2454 Laconem
2060 2408 2169 2455 e1⁰

275 2493 660 2579 primoribus
703 2492 1115 2558 Achaeorum
1166 2492 1406 2557 Caesar
1464 2491 1825 2557 adflixerat.
1915 2498 2100 2577 pater

277 2617 534 2681 quoque
579 2597 866 2661 inlustris
908 2616 1106 2679 eques
1143 2596 1476 2660 Romanus
1508 2618 1583 2660 ac
1611 2597 1810 2660 frater
1838 2601 2098 2681 praeto-

277 2702 441 2784 riuS,
502 2722 647 2765 cum
674 2700 1018 2764 damnatio
1066 2702 1368 2782 instaret,
1414 2722 1483 2764 se
1530 2700 1653 2784 ipsi
1697 2685 2099 2764 interfecere.

281 2807 499 2871 datum
546 2811 684 2870 erat
729 2806 974 2870 crimini
1020 2804 1196 2891 quod
1224 2804 1670 2889 Theophanen
1713 2803 2098 2889 Mytilenae-

279 2933 388 2974 um
446 2930 758 2995 proavum
818 2930 1044 2974 eorum
1104 2910 1222 2975 Cn.
1281 2910 1557 2995 Magnus
1614 2910 1784 2975 inter
1841 2910 2100 2973 intimos
2118 2933 2170 2971 15

281 3014 612 3078 habuisset
677 3013 979 3099 quodque
1051 3012 1354 3078 defuncto
1432 3015 1747 3078 caelestes
1818 3014 2100 3077 honores

225 3201 227 3203 q
286 3117 536 3181 Graeca
579 3116 865 3181 adulatio
910 3117 1243 3182 tribuerat.

419 3223 517 3285 19.
577 3221 740 3285 Post
783 3242 942 3305 quos
975 3220 1126 3285 Sex.
1159 3222 1401 3286 Marius
1432 3220 1892 3304 Hispaniarum
1926 3220 2102 3284 ditis·
2162 3298 2185 3319 .

288 3326 484 3389 simus
529 3324 814 3390 defertur
859 3332 925 3390 et
980 3346 1138 3389 saxo
1185 3325 1463 3410 Tarpeio
1514 3324 1806 3389 deicitur.
1898 3346 1973 3388 ac
2018 3346 2099 3389 ne

291 3429 550 3494 dubium
608 3430 952 3495 haberetur
1007 3428 1517 3513 magnitudinem
1573 3427 1885 3513 pecuniae
1932 3430 2099 3493 malo
