2467 3900
655 285 731 323 AB
759 284 1012 326 EXOESSU
1036 285 1167 325 DIVI
1194 285 1451 326 AUGUSTI
1478 285 1542 325 v1
1569 287 1685 326 7-9.
1967 283 2081 340 223

255 465 412 507 num
457 443 938 508 Vulsiniensem
983 449 1084 508 set
1131 443 1441 508 Claudiae
1490 450 1557 508 et
1598 443 1803 510 Iuliae
1852 444 2084 510 domus

255 551 530 632 partem,
562 568 717 632 quas
749 547 1080 614 adfinitate
1109 555 1557 633 occupaverat,
1588 555 1792 632 tuum,
1825 548 2083 634 Caesar,

257 672 593 736 generum,
637 652 734 716 tui
780 641 1147 718 consulatus
1191 653 1457 736 socium,
1501 659 1613 716 tua
1650 653 1860 718 officia
1902 655 1969 718 in
2012 675 2084 720 10

257 754 518 840 publica
581 763 1030 840 capessentem
1095 757 1487 822 colebamus.
1592 773 1725 823 non
1791 764 2082 824 nostrum
2102 778 2153 817 20

257 859 602 926 aestimare
635 882 828 945 quem
869 867 934 926 et
975 861 1206 945 quibus
1256 861 1339 926 de
1371 862 1579 926 causis
1613 863 1921 928 extollas:
1968 863 2087 928 tibi

258 985 580 1029 summum
625 986 842 1030 rerum
883 964 1193 1029 iudicium
1238 963 1305 1028 di
1346 965 1622 1047 dedere,
1667 966 1854 1031 nobis
1902 967 2087 1032 obse-

256 1069 392 1153 quii
438 1069 646 1152 gloria
689 1069 936 1154 relicta.
1011 1076 1377 1153 spectamus
1413 1091 1610 1154 porro
1656 1091 1819 1154 quae
1868 1092 2085 1136 coram

255 1172 596 1255 habentur,
630 1171 734 1236 cui
763 1193 849 1237 ex
878 1179 946 1236 te
979 1193 1137 1257 opes
1167 1172 1467 1255 honores,
1513 1175 1655 1258 quis
1680 1173 2085 1265 1111111111οι111-

255 1275 454 1341 vandi
477 1276 840 1341 nocendive
871 1278 1182 1361 potentia,
1215 1297 1379 1361 quae
1404 1275 1639 1343 Seiano
1664 1278 1861 1344 fuisse
1891 1301 2083 1346 nemo
2100 1296 2154 1336 2⁵

255 1382 610 1462 negaverit.
689 1378 946 1446 abditos
989 1381 1303 1466 principis
1328 1401 1570 1446 ‘sensus
1615 1388 1684 1446 et
1724 1384 1934 1468 siquid
1982 1406 2087 1450 oc-

257 1482 486 1547 cultius
515 1488 702 1568 parat
732 1485 1077 1568 exquirere
1109 1484 1425 1550 inlicitum
1458 1506 1733 1570 anceps:
1779 1507 1903 1552 nec
1932 1488 2081 1552 ideo

255 1588 632 1673 adsequare.
706 1609 812 1671 ne,
854 1594 1074 1673 patres
1112 1589 1481 1673 conscripti,
1526 1589 1822 1653 ultimum
1868 1589 2084 1655 Seiani

256 1690 428 1756 diem
475 1691 594 1756 sed
637 1691 924 1757 sedecim
969 1711 1172 1756 annos
1203 1693 1663 1777 cogitaveritis.
1739 1695 1935 1759 etiam
1967 1695 2082 1760 Sa-

159 1835 163 1840 ·
253 1796 445 1860 trium
507 1803 700 1882 atque
763 1797 1205 1882 Pomponium
1266 1797 1765 1879 venerabamur3
1831 1797 2080 1864 libertis
2096 1824 2149 1863 30

252 1920 508 1987 quoque
573 1922 649 1966 ac
711 1901 1092 1967 ianitoribus
1154 1906 1496 1967 notescere
1555 1920 1674 1985 pro
1735 1902 2073 1987 magnifico

253 2008 706 2091 accipiebatur.
797 2006 953 2092 quid
1013 2008 1218 2090 ergo?
1308 2004 1679 2070 indistincta
1739 2005 1899 2071 haec
1962 2006 2075 2070 de-

249 2109 455 2176 fensio
503 2115 569 2175 ct
600 2113 924 2197 promisca
957 2109 1263 2174 dabitur?
1334 2111 1531 2174 immo
1570 2110 1752 2175 iustis
1784 2111 2075 2175 terminis

253 2212 595 2277 dividatur.
653 2214 927 2278 insidiae
959 2214 1027 2276 in
1071 2234 1209 2277 rem
1243 2208 1585 2298 publicam,
1633 2213 1901 2278 consilia
1930 2234 2075 2277 cae-

253 2315 352 2379 dis
395 2316 738 2381 adversum
770 2318 1228 2401 imperatorem
1258 2318 1634 2403 puniantur:
1684 2316 1764 2382 de
1796 2318 2145 2383 amicitiast

252 2424 320 2483 et
380 2419 606 2485 officiis
645 2420 839 2485 idem
893 2419 1034 2484 finis
1081 2428 1147 2485 01
1190 2427 1296 2498 10,
1359 2421 1630 2505 Caesar,
1690 2426 1757 2487 et
1798 2442 1919 2487 nos
1964 2422 2073 2485 ab·

253 2520 563 2588 solverit.‘

380 2630 440 2694 9.
511 2627 892 2693 Constantia
949 2628 1260 2694 orationis
1316 2637 1379 2694 et
1424 2631 1575 2713 quia
1616 2637 1911 2715 repertus
1965 2624 2074 2716 qui

251 2731 512 2797 efferret
568 2753 734 2817 quae
801 2755 1024 2798 omnes
1083 2734 1297 2799 animo
1358 2736 1687 2819 agitabant
1744 2758 1823 2801 eo
1869 2758 2074 2822 usque

247 2843 558 2921 potuere,
604 2842 676 2901 ut
721 2844 1164 2923 accusatores,
1223 2840 1459 2904 additis
1504 2861 1668 2925 quae
1716 2848 1864 2907 ante
1912 2841 2073 2907 deli-

247 2945 540 3024 querant,
590 2941 785 3006 exilio
833 2946 945 3005 aut
988 2947 1200 3007 morte
1244 2944 1687 3009 multarentur.

377 3042 652 3108 Secutae
678 3043 913 3109 dehinc
935 3042 1179 3110 Tiberii
1204 3046 1458 3111 litterae
1484 3048 1551 3112 in
1574 3047 1723 3113 Sex,
1745 3048 2071 3127 Vistilium
2090 3076 2115 3113 5

247 3148 667 3230 praetorium,
699 3168 894 3232 quem
913 3148 1128 3213 Druso
1163 3150 1345 3215 fratri
1372 3172 1712 3236 percarum
1742 3153 1809 3216 111
1842 3152 2071 3219 cohor-

245 3255 380 3313 tem
426 3270 608 3315 suam
653 3251 1082 3317 transtulerat.
1160 3270 1353 3319 causa
1398 3254 1773 3321 offensionis
1812 3254 2071 3323 Vistilio

245 3373 363 3417 seu
422 3362 878 3438 composuerat
937 3356 1257 3440 quaedam
1318 3360 1385 3423 in
1434 3360 1667 3425 Gaium
1728 3358 2072 3425 Caesarem

243 3461 314 3519 ut
358 3456 754 3541 impudicum
817 3458 953 3525 sive
1009 3460 1159 3524 ficto
1205 3461 1426 3526 habita
1470 3462 1685 3527 fides..
1742 3467 1935 3546 atque
1984 3464 2065 3528 ob
