2467 3900
384 199 500 256 250
1036 204 1314 244 CORNELII
1342 205 1537 244 rAcrrr

381 361 624 425 nullam
695 360 987 427 eiusdem
1049 363 1354 426 virtutem
1424 362 1798 427 habiturum
1857 362 2211 447 praedixit.

311 490 364 528 20
382 466 568 529 simul
627 465 868 529 crebris
928 486 1070 528 cum
1129 465 1407 529 lacrimis
1452 467 1769 531 minorem
1818 489 1901 532 ex
1946 467 2210 551 nepoti-

378 570 500 634 bus
542 570 917 653 conplexae,
963 571 1124 634 truci
1167 571 1431 634 alterius
1463 573 1667 653 vultu,
1717 571 2001 653 ,occides
2033 573 2209 636 hunc

379 671 470 737 tu‘
516 674 722 758 inquit
781 678 870 756 ,et
915 679 978 738 te
1025 670 1227 738 alius‘.
1318 673 1438 738 sed
1481 681 1904 758 gravescente
1954 675 2208 740 valetu-

380 777 528 840 dine
590 776 748 840 nihil
807 798 842 840 e
901 777 1273 842 libidinibus
1321 779 1693 861 omittebat,
1758 781 1823 843 in
1882 779 2207 864 patientia

377 880 833 946 firmitudinem
891 883 1192 971 simulans
1245 876 1595 968 solitusque
1664 883 1929 949 eludere
1991 883 2202 949 medi-

309 1005 603 1049 25001'u1n-
644 992 814 1050 artes
861 991 1052 1070 atque
1100 1008 1246 1066 eos,
1296 988 1403 1073 qui
1447 994 1595 1072 post
1640 989 2039 1053 tricesimum
2084 1011 2196 1054 ae-

376 1089 524 1152 tatis
582 1111 819 1154 annum
881 1090 963 1154 ad
1006 1091 1507 1155 internoscenda
1552 1093 1809 1177 corpori
1854 1113 1970 1156 suo
2019 1093 2203 1157 utilia

374 1194 481 1258 vel
524 1194 724 1258 noxia
767 1193 962 1258 alieni
1009 1194 1261 1258 consilii
1305 1193 1693 1278 indigerent.

505 1298 609 1360 47.
676 1297 948 1361 Interim
1009 1295 1259 1362 Romae
1322 1298 1554 1362 futuris
1626 1300 1822 1364 etiam
1884 1300 2193 1365 caedibus

376 1402 622 1467 semina
689 1401 1107 1465 iaciebantur.
1214 1401 1473 1466 Laelius
1544 1403 1789 1468 Balbus
1866 1403 2195 1486 Acutiam‚

373 1507 447 1571 P.
492 1507 746 1573 Vitellii
792 1505 1119 1591 quondam
1163 1528 1457 1590 uxorem,
1504 1508 1861 1573 maiestatis
1907 1509 2198 1593 postula-

374 1615 586 1691 verat3
648 1631 776 1694 qua
838 1610 1139 1676 damnata
1202 1633 1349 1676 cum
1413 1613 1778 1697 praemium
1843 1613 2203 1677 accusatori

331 1733 354 1770 5
376 1714 865 1796 decerneretur,
911 1714 1134 1780 Iunius
1181 1714 1354 1779 Otho
1403 1716 1693 1780 tribunus
1738 1717 1955 1801 plebei
2000 1717 2200 1782 inter-

374 1818 582 1901 cessit,
629 1818 801 1882 unde
834 1819 962 1882 illis
995 1818 1163 1901 odia,
1209 1840 1367 1882 mox
1400 1818 1645 1884 Othoni
1676 1821 1968 1886 exitium.
2045 1820 2198 1886 dein

372 1919 724 2005 Albucilla,
773 1922 875 1987 cui
919 1923 1398 1987 matrimonium
1444 1944 1591 1988 cum
1636 1923 1845 1988 Satrio
1886 1923 2195 1989 Secundo

373 2026 831 2091 coniurationis
899 2026 1111 2095 indice
1186 2026 1428 2111 fuerat,
1506 2027 1793 2091 defertur
1865 2028 2201 2113 inpietatis

372 2132 439 2196 in
479 2133 865 2216 principem3
929 2132 1429 2195 conectebantur
1487 2137 1559 2195 ut
1604 2132 1844 2195 conscii
1892 2132 2031 2196 eius
2078 2131 2197 2197 Cn.

301 2250 354 2289 10
370 2238 717 2319 Domitius,
763 2236 994 2301 Vibius
1021 2235 1293 2319 Marsus,
1340 2236 1415 2301 L.
1448 2235 1817 2301 Arruntius,
1889 2236 1969 2299 de
2009 2236 2197 2300 clari-

372 2341 595 2406 tudine
641 2340 912 2407 Domitii
957 2362 1149 2426 supra
1193 2342 1579 2423 memoravi3
1640 2342 1891 2405 Marsus
1936 2361 2197 2425 quoque

371 2446 642 2510 vetustis
686 2445 1038 2510 honoribus
1099 2452 1164 2510 et
1207 2446 1495 2510 inlustris
1554 2444 1785 2508 studiis
1834 2449 1989 2509 erat.
2082 2442 2199 2507 sed

370 2549 634 2613 testium
693 2549 1218 2631 interrogationi,
1278 2550 1617 2613 tormentis
1675 2569 2014 2612 servorum
2056 2547 2199 2611 Ma-

372 2674 635 2717 cronem
665 2652 1069 2738 praesedisse
1104 2653 1546 2717 commentarii
1579 2653 1662 2717 ad
1694 2658 1989 2717 senatum
2018 2650 2199 2714 missi

299 2777 351 2816 15
371 2756 665 2821 ferebant
726 2757 1068 2842 nullaeque
1139 2756 1206 2822 in
1280 2776 1393 2820 eos
1458 2755 1869 2841 imperatoris
1939 2755 2198 2818 litterae

371 2860 801 2945 suspicionem
859 2860 1096 2925 dabant
1158 2860 1443 2924 invalido
1504 2882 1581 2925 ac
1636 2859 1910 2925 fortasse
1970 2860 2199 2943 ignaro

369 2964 515 3029 ficta
572 2966 878 3050 pleraque
943 2966 1025 3029 ob
1085 2964 1453 3030 inimicitias
1498 2964 1823 3029 Macronis
1887 2966 2073 3026 notas
2132 2962 2200 3026 in

371 3067 770 3133 Arruntium.

507 3172 610 3234 48.
686 3172 894 3255 Igitur
952 3172 1281 3237 Domitius
1342 3172 1787 3238 defensionem
1849 3171 2199 3251 meditanS,

369 3275 618 3339 Marsus
648 3282 974 3361 tamquam
1002 3277 1288 3342 inediam
1321 3277 1787 3358 destinavisset,
1819 3275 2198 3361 produxere

369 3380 602 3441 vitam:
649 3378 994 3443 Arruntius
1026 3382 1502 3446 cunctationem
1531 3389 1597 3446 et
1627 3401 1837 3444 moras
1871 3379 2203 3443 suadenti-
