2467 3900
793 955 1458 1086 PRAEFATm.

349 1305 542 1409 Cum
572 1343 868 1427 proximo
903 1351 1196 1427 tempore
1229 1345 1431 1407 altero
1458 1343 1787 1408 volumine
1821 1362 2043 1406 earum

216 1447 764 1528 dissertationum,
797 1469 954 1532 quas
985 1448 1246 1512 nomine
1282 1447 1786 1531 ,Philologische
1816 1447 2040 1512 Streif-

165 1536 168 1589 ἶ
213 1547 410 1635 ziige‘
443 1551 924 1636 comprehendi,
957 1553 1206 1636 priores
1234 1573 1350 1616 sex
1372 1573 1533 1636 quos
1556 1573 1726 1616 nunc
1749 1551 2045 1616 recensui

163 1914 170 1950 l

215 1657 510 1737 Cornelii
545 1656 749 1719 Taciti
795 1655 915 1719 AB
961 1655 1363 1721 EXOESSU
1406 1655 1605 1720 DIVI
1648 1654 2043 1719 AUGUSTI

213 1762 424 1826 libros
471 1761 794 1846 copiosius
836 1761 1159 1826 illustrare
1204 1761 1271 1824 in
1308 1761 1518 1824 animo
1563 1762 1666 1841 sit,
1711 1761 2047 1845 praefandi

161 1896 168 1907 ·
218 1863 506 1930 officium
551 1865 774 1951 paucis
821 1865 1158 1928 absolvere
1206 1865 1364 1928 mihi
1409 1865 1623 1929 liceat.

351 1968 545 2034 Ratio
591 1971 782 2035 huius
813 1971 1016 2035 libelli
1047 1971 1277 2034 eadem
1312 1975 1408 2033 est
1442 1975 1632 2054 atque
1680 1976 2044 2034 ceterorum

221 2075 657 2140 bibliothecae
705 2074 1191 2157 Herderianae,
1251 2074 1372 2138 nisi
1420 2074 1596 2158 quod
1647 2079 1721 2138 ut
1763 2074 2043 2139 vocabu-

167 2143 434 2242 ·lorum
478 2180 759 2244 indicem
802 2200 934 2242 non
974 2178 1374 2243 ediceremus
1420 2178 1589 2241 inter
1626 2178 2045 2262 bibliopolam

223 2291 290 2347 et
339 2302 440 2343 me
488 2284 819 2384 convenit.
857 2282 1107 2375 ’thodss
1123 2280 1227 2346 ad·
1213 2270 1561 2387 pifinmpia
1596 2282 1751 2344 artis
1784 2282 2044 2345 criticae

167 2431 174 2452 ι
222 2383 492 2464 adtinet,
539 2358 834 2467 &icium
835 2408 922 2449 ·1n
958 2361 1193 2451 ma⁰nus
1201 2387 1393 2451 '11'an
1426 2386 1622 2450 sditio
1654 2388 2043 2469 pervenerit,

222 2486 351 2550 hoc
410 2488 730 2551 monitos·
713 2478 1002 2568 ’wolimIZ-
1024 2470 1311 2559 {Ocid‘lms
1353 2491 1664 2572 Medicei,
1727 2511 1851 2575 quo
1913 2513 2041 2557 uno

223 2593 389 2656 haec
433 2614 581 2677 pars
631 2580 885 2694 operi‘s
861 2564 1155 2681 'Pacifici'
1153 2575 1434 2672 servata
1480 2602 1609 2675 est,
1655 2598 1728 2658 ut
1772 2596 2046 2682 vestigia

169 2759 174 2790 Ι
224 2698 315 2761 ita
373 2704 784 2815 premerem:
765 2688 1353 2799 quemadmodum
1400 2696 1535 2761 fere
1591 2698 1698 2781 qui
1744 2705 1891 2763 ante
1938 2721 2042 2763 me

170 2809 174 2828 ¹
226 2800 566 2866 ediderunt
612 2825 650 2867 a
674 2794 787 2867 ‘me
821 2782 1165 2887 iinpetrare
1197 2824 1330 2868 non
1360 2804 1561 2887 potui.
1627 2804 1832 2877 Quem
1867 2803 2043 2868 codi-

171 2925 369 2969 cem
428 2913 497 2969 ut
556 2907 963 2991 lacunosum,
1023 2909 1113 2973 ita
1161 2908 1354 2972 etiam
1401 2908 1856 2991 interpolatum
1905 2928 2045 2972 esse

223 3010 393 3073 inter
441 3031 662 3075 omnes
710 3016 976 3093 constat,
1025 3012 1144 3075 etsi
1191 3012 1465 3075 aliorum
1510 3012 1636 3075 alia
1683 3015 1783 3076 est
1826 3009 2039 3096 opinio

167 3145 174 3162 ι
209 3113 309 3184 ‚de
357 3113 941 3180 additamentorum
988 3136 1276 3180 numero.
1343 3115 1428 3179 Et
1474 3123 1573 3180 est
1610 3137 1764 3181 sane
1794 3136 1897 3179 res
1930 3115 2041 3179 ad-

163 3573 176 3833 j

183 3218 491 3282 =modum
563 3217 870 3283 difficilis:
947 3221 1184 3305 quippe
1255 3242 1431 3303 cum,
1506 3226 1578 3285 ut
1645 3220 1812 3298 dixi,
1882 3220 2043 3284 alius

226 3329 481 3406 praesto
525 3344 657 3386 non
705 3323 784 3387 sit
819 3323 1002 3403 liber,
1051 3341 1328 3408 quocum
1365 3323 1639 3389 conferri
1666 3324 1872 3409 possit
1901 3324 2041 3387 Me-

229 3425 465 3508 diceus,
512 3427 768 3493 unicum
814 3435 1015 3493 restat
1059 3427 1139 3492 ad
1187 3428 1364 3512 quod
1397 3430 1464 3493 in
1510 3428 1655 3493 crisi
1695 3427 2045 3493 factitanda
