2467 3900
355 256 464 312 198
1013 261 1289 304 connnnn
1314 262 1512 302 mcum

482 421 585 486 55.
651 419 781 486 Sed
815 421 1072 498 Caesar,
1120 441 1245 504 quo
1292 421 1528 485 famam
1564 425 1905 500 averteret,
1949 420 2179 486 adesse

347 525 649 610 frequens
719 524 971 588 senatui
1035 509 1413 608 legatosque
1474 521 1707 605 Asiae,
1776 523 2181 608 ambigentes

349 651 624 715 quanam
681 629 748 695 in
809 629 1066 694 civitate
1125 627 1439 713 templum
1498 633 1917 710 statueretur,
1977 629 2179 713 pluris

348 755 465 819 per
523 734 662 798 dies
721 733 984 798 audivit.
1071 732 1375 796 undecim
1428 732 1619 797 urbes
1666 732 1997 797 certabant
2038 731 2181 816 pari

305 859 328 895 ⁵
349 838 734 919 ambitione,
791 837 1033 903 viribus
1095 835 1409 902 diversae.
1498 857 1710 920 neque
1758 837 2032 901 multum
2078 834 2176 902 di-

347 941 580 1004 stantia
625 941 796 1005 inter
840 961 910 1004 se
955 941 1401 1006 memorabant
1435 939 1515 1005 de
1546 947 1869 1006 vetustate
1899 941 2177 1024 generis,

346 1045 558 1109 studio
620 1045 686 1107 in
732 1045 1047 1129 populum
1090 1042 1458 1108 Romanum
1505 1065 1622 1128 per
1664 1043 1839 1108 bella
1880 1043 2063 1110 Persi
2110 1051 2180 1109 et

344 1147 696 1213 Aristonici
741 1147 1142 1231 aliorumque
1187 1167 1437 1230 regum.
1514 1168 1741 1214 verum
1784 1149 2179 1233 Hypaepeni

347 1253 777 1336 Trallianique
822 1251 1208 1316 Laodicenis
1253 1272 1329 1315 ac
1362 1250 1769 1336 Magnetibus
1812 1253 2005 1316 simul
2045 1257 2177 1318 tra-

279 1373 329 1411 10
347 1358 523 1422 missi
565 1363 638 1420 ut
680 1379 907 1442 parum
945 1355 1178 1436 validi3
1235 1377 1319 1420 ne
1361 1354 1635 1420 Ilienses
1680 1355 1973 1439 quidem,
2031 1378 2179 1421 cum

346 1468 681 1548 parentem
746 1461 922 1526 urbis
987 1460 1241 1526 Romae
1308 1461 1567 1526 Troiam
1635 1462 1987 1544 referrent,
2051 1462 2179 1526 nisi

347 1565 740 1650 antiquitatis
804 1565 1010 1650 gloria
1069 1564 1423 1650 pollebant.
1513 1568 1778 1651 paulum
1834 1567 2176 1632 addubita-

347 1675 518 1752 tum,
585 1667 759 1752 quod
820 1667 1251 1734 Halicarnasii
1312 1671 1489 1735 mille
1554 1676 1621 1735 et
1684 1670 1996 1739 ducentos
2057 1692 2181 1755 pen

347 1790 548 1836 annos
593 1772 769 1836 nullo
813 1778 997 1838 motu
1040 1777 1253 1838 terrae
1300 1775 1627 1838 nutavisse
1673 1774 1863 1839 sedes
1904 1795 2049 1838 suas
2079 1775 2177 1839 vi-

277 1899 328 1936 15
347 1897 556 1962 voque
600 1877 667 1940 in
712 1897 870 1941 saxo
907 1876 1330 1942 fundamenta
1358 1877 1585 1963 templi
1614 1877 2176 1944 adseveraverant.

345 1981 784 2067 Pergamenos
839 2004 920 2047 eo
967 1983 1106 2065 ipso
1157 1979 1553 2061 (nitebantur
1598 1981 1829 2045 aedem
1871 1981 2173 2065 Augusto

344 2086 432 2150 ibi
463 2086 678 2167 sitam)
712 2087 866 2151 satis
897 2087 1170 2169 adeptos
1202 2086 1535 2151 creditum.
1606 2086 1874 2171 Ephesii
1903 2086 2172 2150 Milesii·

345 2211 490 2274 que,
522 2192 590 2254 hi
620 2191 964 2275 Apollinis,
998 2190 1091 2253 illi
1119 2190 1373 2254 Dianae
1407 2190 1793 2256 caerimonia
1825 2210 2175 2275 occupasse

344 2294 486 2358 visi.
560 2294 651 2357 ita
684 2293 1030 2357 Sardianos
1075 2294 1245 2358 inter
1287 2294 1809 2377 Zmyrnaeosque
1853 2294 2173 2359 delibera-

275 2416 324 2455 20
344 2401 497 2461 tum.
590 2395 886 2461 Sardiani
946 2396 1277 2461 decretum
1324 2396 1625 2462 Etruriae
1685 2398 2043 2463 recitavere
2102 2404 2179 2462 ut

345 2499 835 2583 consanguinei:
897 2522 1046 2565 nam
1100 2499 1503 2585 Tyrrhenum
1558 2499 1940 2586 Lydumque
1995 2500 2171 2585 Atye

342 2624 498 2685 rege
558 2604 814 2686 genitos
875 2604 956 2667 ob
1014 2603 1492 2668 multitudinem
1539 2603 1833 2669 divisisse
1875 2610 2173 2688 gentem3

341 2708 598 2791 Lydum
627 2708 849 2793 patriis
881 2710 949 2772 in
980 2708 1166 2773 terris
1194 2708 1537 2791 resedisse,
1579 2707 1915 2793 Tyrrheno
1950 2711 2175 2775 datum

341 2833 542 2879 novas
588 2816 661 2875 ut
706 2812 1016 2877 conderet
1063 2810 1290 2892 sedes3
1337 2818 1404 2875 et
1450 2812 1682 2876 ducum
1730 2833 1767 2877 e
1808 2813 2175 2878 nominibus

273 2936 323 2974 25
341 2917 544 2982 indita
587 2918 902 2981 vocabula
936 2917 1061 2981 illis
1092 2936 1210 3001 per
1239 2914 1485 3000 Asiam,
1527 2917 1629 2980 his
1659 2916 1724 2979 in
1754 2916 1979 2998 Italia;
2024 2938 2173 2982 auc-

340 3027 600 3105 tamque
625 3020 836 3086 adhuc
859 3021 1197 3103 Lydorum
1221 3021 1617 3105 opulentiam
1636 3021 1849 3085 missis
1873 3022 1941 3085 in
1966 3023 2171 3087 Grae·

343 3126 504 3191 ciam
560 3125 852 3211 populis,
913 3124 1013 3189 cui
1058 3146 1215 3188 mox
1260 3146 1299 3187 a
1341 3124 1591 3209 Pelope
1635 3146 1891 3190 nomen.
1981 3125 2175 3190 simul

340 3230 587 3295 litteras
617 3230 1080 3314 imperatorum
1103 3233 1170 3291 et
1194 3229 1322 3294 icta
1347 3228 1971 3295 nobiscum.foedera
1992 3230 2169 3295 bello

341 3333 774 3398 Macedonum
801 3333 1291 3418 ubertatemque
1321 3335 1651 3399 fluminum
1682 3354 1965 3418 suorum,
2006 3343 2169 3400 tem-

275 3461 325 3498 30
344 3437 589 3521 periem
635 3438 795 3502 caeli
841 3459 916 3501 ac
962 3436 1129 3501 dites
1177 3438 1413 3503 circum
1457 3444 1659 3503 terras
1704 3439 2169 3504 memorabant.
