2467 3900
358 181 467 236 128
1010 187 1288 227 commnn
1315 187 1510 227 TAc1'r1

355 366 740 433 suarumque
781 345 1001 430 legum
1033 352 1259 410 auctor
1289 345 1570 410 idemssac
1599 345 1963 427 subversor,
2010 365 2180 428 quae

353 449 547 513 armis
591 449 895 513 tuebatur
938 450 1132 514 armis
1177 449 1410 514 amisit.
1493 449 1666 513 exim
1712 449 2014 513 continua
2057 469 2182 534 per

263 579 267 584 ·
311 553 581 638 5viginti
638 575 841 618 annos
888 553 1235 638 discordia,
1295 576 1430 618 non
1473 575 1645 634 mos,
1691 575 1823 618 non
1867 553 1996 635 ius3
2061 551 2177 617 de-

354 652 614 722 terrima
652 679 942 743 quaeque
990 659 1230 743 inpune
1271 680 1345 723 ac
1389 658 1593 723 multa
1637 660 1910 722 honesta
1953 657 2178 722 exitio.

353 767 541 825 sexto
605 759 866 824 demum
926 763 1267 825 consulatu
1327 761 1567 826 Caesar
1621 759 1992 847 Augustus,
2056 783 2177 846 po-

351 863 597 928 tentiae
646 884 910 928 securus
928 913 945 948 ,
1005 886 1168 950 quae
1225 866 1632 930 triumviratu
1690 867 1965 931 iusserat
2019 866 2177 931 abo-

354 966 511 1031 levit
560 967 866 1053 deditque
912 969 1085 1052 iura,
1152 970 1294 1054 quis
1356 965 1517 1054 pace
1575 974 1641 1034 et
1699 970 1989 1056 principe
2033 978 2177 1035 ute-

288 1089 337 1128 10
353 1093 589 1136 remur.
680 1073 929 1137 acriora
975 1092 1061 1136 ex
1106 1094 1184 1137 eo
1229 1073 1474 1155 vincla,
1531 1073 1717 1137 inditi
1765 1074 2066 1140 custodes
2112 1080 2181 1137 et

353 1176 500 1260 lege
555 1176 758 1261 Papia
815 1177 1125 1262 Poppaea
1181 1177 1484 1262 praemiis
1539 1175 1818 1260 inducti,
1877 1183 1980 1260 ut,
2041 1177 2096 1240 si
2139 1199 2179 1240 a

354 1281 708 1365 privilegiis
752 1288 1091 1364 parentum
1140 1286 1514 1363 cessaretur,
1561 1281 1741 1345 velut
1775 1302 2009 1365 parens
2043 1301 2177 1345 om-

355 1385 533 1448 nium
578 1384 857 1470 populus
902 1384 1194 1448 vacantia
1239 1389 1510 1448 teneret.
1587 1382 1705 1448 sed
1748 1383 1939 1447 altius
1978 1404 2176 1469 pene-

356 1488 611 1553 trabant
670 1488 1027 1574 urbemque
1092 1498 1159 1552 et
1217 1487 1474 1552 Italiam
1538 1494 1603 1551 et
1672 1486 1847 1571 quod
1906 1509 2177 1572 usquam

287 1615 339 1652 15
358 1592 590 1657 civium
652 1592 1092 1677 corripuerant
1149 1592 1627 1676 multorumque
1687 1591 1890 1654 excisi
1953 1597 2178 1655 status,

360 1704 423 1762 et
467 1702 677 1761 terror
724 1696 1021 1761 omnibus
1065 1696 1533 1778 intentabatur,
1595 1695 1661 1758 ni
1707 1695 2003 1759 Tiberius
2049 1701 2178 1759 sta-

354 1800 599 1865 tuendo
663 1799 953 1864 remedio
1020 1800 1298 1885 quinque
1367 1798 1827 1881 consularium,
1902 1799 2180 1884 quinque

356 1925 391 1969 e
438 1905 811 1991 praetoriiS,
876 1905 1153 1972 totidem
1212 1926 1248 1969 e
1296 1910 1513 1970 cetero
1561 1910 1791 1970 senatu
1837 1912 2012 1970 sorte
2061 1905 2178 1969 du-

352 2010 587 2093 xisset,
648 2008 823 2095 apud
883 2030 1043 2094 quos
1102 2009 1384 2074 exsoluti
1428 2009 1720 2095 plerique
1763 2009 1928 2093 legis
1972 2029 2180 2073 nexus

284 2132 337 2173 20
354 2114 680 2179 modicum
722 2114 790 2176 in
835 2134 1142 2198 praesens
1185 2114 1646 2178 levamentum.

485 2218 591 2281 29.
652 2217 783 2280 Per
826 2216 1000 2281 idem
1037 2224 1295 2302 tempus
1325 2217 1658 2281 Neronem
1689 2239 1726 2282 e
1761 2216 1982 2282 liberis
2016 2218 2180 2283 Ger-

356 2320 623 2403 manioi,
684 2321 813 2384 iam
870 2320 1233 2405 ingressum
1286 2320 1644 2403 iuventam,
1709 2320 2184 2385 commendavit

355 2425 679 2511 patribus,
724 2431 922 2509 utque
969 2445 1235 2489 munere
1286 2424 1667 2510 capessendi
1712 2424 2184 2507 vigintiviratus

358 2531 719 2596 solveretur
794 2535 861 2593 et
925 2530 1358 2614 quinquennio
1427 2528 1740 2593 maturius
1805 2550 1996 2613 quam
2066 2549 2184 2614 per

316 2638 539 2720 sleges
576 2642 984 2721 quaesturam
1020 2640 1295 2720 peteret,
1341 2656 1474 2699 non
1504 2634 1641 2699 sine
1679 2634 1880 2697 inrisu
1916 2634 2182 2699 audien-

356 2740 517 2803 tium
579 2739 950 2825 postulavit.
1040 2737 1512 2824 praetendebat
1569 2737 1690 2803 sibi
1751 2744 1945 2823 atque
2004 2739 2185 2803 fratri

360 2843 620 2909 decreta
668 2842 899 2907 eadem
941 2848 1209 2927 petente
1240 2840 1563 2925 Augusto.
1640 2840 1758 2906 sed
1800 2862 2012 2927 neque
2047 2846 2185 2905 tum

358 2949 552 3013 fuisse
601 2948 1025 3013 dubitaverim
1089 2947 1198 3033 qui
1257 2948 1394 3012 eius
1452 2946 1632 3012 modi
1675 2966 1905 3030 preces
1953 2946 2187 3011 occulti

357 3051 755 3118 inluderent:
824 3071 899 3115 ac
963 3056 1180 3115 tamen
1243 3050 1426 3115 initia
1497 3050 1737 3135 fastigii
1805 3050 2185 3115 Caesaribus

286 3186 339 3225 10
360 3163 541 3223 erant
585 3145 945 3241 magisque,
975 3154 1043 3218 in
1092 3154 1294 3219 oculis
1340 3160 1526 3219 vetus
1571 3174 1715 3217 mos
1763 3159 1828 3217 et
1873 3154 2202 3239 privignis.

361 3282 506 3325 cum
577 3260 804 3325 vitrico
873 3260 1083 3324 levior
1152 3260 1562 3324 necessitudo
1629 3280 1819 3344 quam
1881 3280 2004 3323 avo
2069 3258 2182 3323 ad-

359 3385 615 3429 versum
660 3371 990 3450 nepotem.
1058 3363 1319 3429 additur
1353 3363 1762 3449 pontificatus
1793 3370 1859 3428 et
1890 3384 2018 3447 quo
2051 3363 2179 3448 pri-
