2467 3900
364 224 480 284 224
1023 229 1303 270 coaxnnn
1327 230 1521 272 mcrrr

295 407 345 447 10
364 387 432 452 id
478 387 777 452 convictu
819 387 1126 473 principis
1158 388 1520 472 prohibitus
1568 409 1713 453 cum
1758 389 1945 452 senili
1992 409 2198 453 manu

363 491 602 556 ferrum
649 492 1127 575 temptavisset,
1177 492 1425 575 obligat
1466 513 1696 573 venas3
1762 499 2197 578 precatusque

364 616 482 681 per
526 595 859 660 codicillos
891 596 1120 660 immiti
1147 597 1461 681 rescripto
1494 595 1779 661 resolvit.
1841 596 2195 661 acervatim

366 721 453 764 ex
524 720 602 764 eo
673 699 924 765 Annius
993 700 1206 765 Pollio
1226 750 1243 784 ,
1316 701 1568 786 Appius
1640 700 1891 766 Silanus
1946 701 2195 766 Scauro

365 806 694 870 Mamerco
719 804 908 869 simul
931 825 1006 868 ac
1025 804 1261 870 Sabino
1288 803 1567 868 Calvisio
1593 803 1947 868 maiestatis
1967 813 2195 888 postu-

298 925 350 963 15
366 908 607 989 lantur,
672 913 738 971 et
781 908 1158 972 Vinicianus
1201 909 1492 974 Pollioni
1548 908 1715 994 patri
1774 909 2197 991 adiciebatur,

369 1011 519 1076 clari
563 1032 767 1096 genus
797 1018 866 1075 et
893 1012 1154 1097 quidam
1185 1014 1452 1078 summis
1482 1014 1857 1080 honoribus.
1938 1022 2195 1078 contre-

367 1119 788 1198 muerantque
833 1122 1048 1198 patres
1079 1115 1256 1196 (nam
1289 1125 1522 1202 quotus
1550 1117 1819 1202 quisque
1850 1116 2200 1181 adfinitatis

367 1224 478 1282 aut
523 1218 844 1284 amicitiae
889 1225 988 1284 tot
1031 1219 1398 1285 inlustrium
1427 1221 1711 1286 virorum
1746 1242 1981 1306 expers
2001 1219 2083 1302 Ρ),
2132 1221 2201 1284 ni

371 1323 600 1388 Celsus
646 1323 927 1388 urbanae
975 1323 1261 1389 cohortis
1304 1326 1634 1407 tribunuS,
1692 1331 1831 1389 tum
1884 1324 2055 1387 inter
2098 1325 2203 1387 in-

303 1447 354 1486 20
371 1426 564 1509 diceS,
607 1426 897 1512 Appium
929 1434 996 1493 et
1029 1427 1382 1492 Calvisium
1431 1428 1779 1493 discrimini
1825 1427 2202 1493 exemisset.

372 1531 610 1596 Caesar
653 1531 968 1595 Pollionis
1029 1553 1104 1596 ac
1149 1531 1476 1598 Viniciani
1520 1532 1871 1615 Scaurique
1912 1551 2203 1614 causam,

370 1642 441 1700 ut
484 1637 624 1720 ipse
656 1657 799 1700 cum
831 1642 1059 1700 senatu
1089 1646 1406 1719 nosceret,
1456 1635 1703 1700 distulit
1736 1635 1903 1700 datis
1934 1635 2202 1718 quibus-

375 1738 522 1802 dam
563 1739 630 1802 in
675 1739 981 1804 Scaurum
1027 1739 1315 1804 tristibus
1360 1733 1548 1804 notis.

507 1844 607 1908 10.
649 1843 756 1908 Ne
785 1842 1060 1907 feminae
1087 1842 1350 1926 quidem
1376 1848 1671 1906 exsortes
1693 1842 1985 1926 periculi.
2044 1843 2207 1926 quia

375 1947 786 2032 occupandae
830 1946 928 2011 rei
968 1946 1266 2031 publicae
1314 1946 1498 2030 argui
1541 1967 1674 2011 non
1719 1941 2055 2030 poterant,
2112 1947 2205 2011 ob

373 2051 668 2116 lacrimas
697 2049 1186 2131 incusabantur3
1215 2057 1579 2134 'necataque
1612 2072 1773 2114 anus
1801 2049 2000 2134 Vitia,
2032 2051 2208 2116 Fufii

379 2155 636 2220 Gemini
681 2160 920 2234 mater,
979 2152 1158 2237 quod
1216 2153 1331 2217 filii
1375 2174 1602 2219 necem
1648 2154 1955 2219 flevisset.
2043 2155 2209 2219 haec

329 2259 547 2344 ⁵apud
593 2266 920 2323 senatum:
966 2278 1088 2323 nec
1133 2278 1320 2322 secus
1360 2258 1535 2344 apud
1570 2258 1925 2343 principem
1954 2258 2209 2323 Vescu-

372 2364 570 2439 larius
644 2362 918 2427 Flaccus
992 2382 1068 2426 ac
1145 2361 1349 2427 Iulius
1398 2362 1702 2427 ·Marinus
1774 2361 1856 2425 ad
1930 2369 2211 2427 mortem

379 2474 676 2552 aguntur,
725 2488 760 2530 e
805 2465 1255 2530 vetustissimis
1284 2464 1718 2547 familiarium,
1762 2464 2071 2529 Rhodum
2102 2486 2211 2531 se-

380 2572 508 2638 cuti
569 2579 634 2636 et
680 2572 852 2655 apud
902 2571 1184 2656 Capreas
1230 2570 1579 2653 individui,
1637 2569 2057 2643 Vescularius
2104 2570 2206 2633 in-

377 2676 682 2741 sidiarum
700 2676 769 2738 in
786 2675 907 2739 Lib
915 2695 1106 2740 onem
1125 2674 1553 2738 internuntius
1570 2696 1586 2753 3
1618 2674 1870 2738 Marino
1894 2674 2212 2758 participe

305 2792 358 2830 1⁰
377 2782 646 2847 Seianus
675 2781 968 2847 Curtium
992 2780 1286 2845 Atticum
1320 2784 1750 2862 oppresserat.
1815 2798 1941 2862 quo
1974 2778 2214 2842 laetius

377 2891 715 2970 acceptum
775 2906 890 2950 sua
949 2883 1257 2968 exempla
1314 2883 1383 2947 in
1428 2883 1831 2947 consultores
1876 2881 2215 2947 recidisse.

504 2989 636 3076 Per
680 2987 852 3051 idem
900 2994 1156 3072 tempus
1203 2986 1277 3050 L.
1316 2986 1471 3052 Piso
1518 2987 1833 3071 pontifex,
1878 3007 2096 3051 rarum
2141 2986 2216 3050 in

377 3098 558 3157 tanta
603 3090 984 3155 claritudine
1004 3140 1020 3173 ,
1067 3091 1200 3155 fato
1252 3090 1441 3174 obiit,
1490 3091 1727 3156 nullius
1771 3091 2021 3157 servilis
2066 3111 2215 3154 sen-

381 3196 624 3261 tentiae
670 3200 899 3279 sponte
945 3200 1170 3257 auctor
1215 3200 1315 3276 et,
1376 3194 1673 3279 quotiens
1717 3193 2067 3259 necessitas
2111 3194 2215 3259 in-

314 3316 364 3353 15
384 3306 666 3385 grueret,
699 3299 1028 3383 sapienter
1059 3298 1425 3364 moderans.
1479 3305 1734 3383 patrem
1758 3298 1819 3363 ei
1844 3298 2217 3363 censorium

383 3402 578 3466 fuisse
623 3403 1013 3484 memoravi3
1059 3409 1239 3467 aetas
1286 3403 1368 3466 ad
1416 3403 1928 3488 octogensimum
1974 3424 2217 3467 annum
