2467 3900
370 195 396 248 1
406 194 479 250 38
788 189 799 210 '
1020 197 1297 238 conmn
1322 197 1518 238 nom

360 358 550 422 batur
593 364 867 441 utroque
913 356 1153 421 bellum
1198 357 1319 422 sibi
1363 363 1692 441 poscente.
1775 373 1932 419 mox
1973 355 2185 419 Varro

361 461 681 528 invalidus
726 469 990 526 senecta
1032 462 1279 547 vigenti
1325 462 1480 526 Silio
1531 461 1865 526 concessit.

493 567 597 631 44.
660 563 752 629 At
794 565 1041 630 Romae
1082 586 1213 631 non
1243 565 1563 630 Treveros
1592 565 1789 629 modo
1821 569 1888 630 et
1915 561 2186 628 Aeduos

363 670 480 735 sed
523 675 824 754 quattuor
871 675 936 733 et
981 669 1318 753 sexaginta
1350 669 1703 733 Galliarum
1748 667 2038 734 civitates
2071 666 2184 731 de-

362 773 644 855 scivisse,
689 774 1066 859 adsumptos
1110 774 1176 837 in
1220 774 1597 839 societatem
1644 775 2020 855 Germanos,
2069 770 2186 835 du-

359 877 499 941 bias
543 876 923 962 Hispanias,
976 883 1197 943 cuncta
1219 927 1237 961 ,
1283 886 1354 943 ut
1398 899 1541 942 mos
1583 879 1822 961 famae,
1868 877 1936 940 in
1978 875 2187 939 maius

320 980 623 1046 acredita.
700 986 999 1067 optumus
1046 982 1315 1067 quisque
1358 982 1456 1046 rei
1498 982 1795 1066 publicae
1828 1003 1980 1046 cura
2007 1001 2183 1044 mae-

358 1085 576 1150 rebat:
621 1086 806 1150 multi
854 1086 1001 1150 odio
1047 1088 1486 1171 praesentium
1532 1093 1597 1152 et
1643 1087 1943 1172 cupidine
1974 1091 2181 1150 muta-

361 1189 551 1255 tionis
596 1190 863 1254 summis
908 1211 1162 1274 quoque
1208 1191 1510 1276 periculis
1544 1191 1947 1257 laetabantur
1974 1190 2181 1254 incre-

359 1293 724 1379 pabantque
768 1294 1128 1377 Tiberium,
1186 1295 1362 1379 quod
1405 1295 1474 1360 in
1517 1300 1696 1360 tanto
1742 1314 1960 1359 rerum
2001 1297 2182 1356 motu

356 1398 591 1464 libellis
650 1404 1092 1464 accusatorum
1150 1399 1502 1464 insumeret
1559 1380 1857 1484 operam.x
1931 1419 2012 1461 an
2065 1397 2181 1462 Sa-

287 1534 339 1573 10
358 1500 676 1565 crovirum
718 1501 1067 1565 maiestatis
1114 1502 1378 1566 crimine
1421 1523 1606 1566 reum
1635 1502 1703 1564 in
1733 1506 1959 1566 senatu
1989 1500 2180 1564 fore?

358 1603 645 1668 extitisse
691 1604 954 1669 tandem
998 1606 1189 1688 viros,
1237 1606 1346 1691 qui
1391 1612 1690 1670 cruentas
1737 1605 2042 1690 epistulas
2078 1624 2181 1666 ar·-

354 1707 473 1771 mis
534 1707 927 1773 cohiberent.
1018 1709 1318 1774 miseram
1369 1731 1598 1794 pacem
1641 1709 1749 1773 vel
1793 1708 1966 1772 bello
2012 1708 2178 1772 bene

352 1812 605 1875 mutari.
673 1817 850 1876 tanto
898 1812 1225 1898 inpensius
1268 1813 1335 1877 in
1366 1813 1775 1878 securitatem
1808 1811 2183 1896 conpositus

352 1937 565 2002 neque
610 1918 754 1983 loco
785 1938 995 2003 neque
1026 1918 1210 1982 vultu
1241 1921 1487 1981 mutato
1523 1916 1637 1982 sed
1666 1922 1739 1982 ut
1771 1916 2030 1981 solitum
2060 1936 2182 2001 per

286 2050 337 2090 15
350 2022 499 2086 illos
558 2021 693 2087 dies
752 2022 915 2106 egit,
974 2020 1313 2086 altitudine
1372 2022 1598 2104 animi,
1660 2043 1741 2086 an
1802 2028 2184 2107 conpererat

352 2126 608 2190 modica
653 2146 793 2190 esse
843 2131 907 2190 et
950 2124 1231 2208 vulgatis
1277 2125 1542 2190 leviora.

482 2231 588 2291 45⁴
650 2228 919 2293 Interim
948 2228 1141 2293 Silius
1189 2250 1334 2293 cum
1376 2230 1742 2314 legionibus
1789 2228 2038 2293 duabus
2078 2228 2176 2292 in-

352 2332 621 2416 cedenS,
678 2332 1031 2416 praemissa
1080 2332 1384 2396 auxiliari
1440 2354 1634 2397 manu
1678 2338 1885 2398 vastat
1931 2332 2175 2416 Sequa-

351 2456 583 2500 norum
625 2457 849 2521 pagos,
896 2436 1005 2520 qui
1048 2436 1270 2500 finium
1316 2436 1591 2502 extremi
1639 2442 1705 2500 et
1733 2435 1984 2501 Aeduis
2023 2457 2174 2500 con-

350 2538 604 2603 termini
662 2538 944 2623 sociique
998 2539 1063 2602 in
1117 2540 1306 2603 armis
1354 2545 1556 2605 erant.
1644 2562 1799 2604 mox
1840 2538 2175 2626 Augusto-

310 2643 595 2709 5dunum
639 2644 802 2728 petit
845 2664 1122 2729 propero
1162 2644 1436 2728 agmine,
1485 2644 1875 2709 certantibus
1904 2644 2074 2709 inter
2102 2666 2174 2709 se

348 2748 688 2832 signiferis,
732 2749 1047 2813 fremente
1086 2748 1279 2813 etiam
1308 2748 1606 2832 gregario
1641 2749 1864 2827 milite,
1909 2770 1992 2813 ne
2026 2770 2173 2813 sue-

348 2859 480 2917 tam
509 2852 815 2937 requiem,
845 2874 927 2917 ne
962 2854 1168 2939 spatia
1196 2853 1483 2918 noctium
1514 2854 1952 2938 opperiretur:
1989 2853 2172 2918 vide-

345 2963 491 3022 rent
543 2955 738 3020 modo
786 2955 1093 3022 adversos
1138 2961 1203 3023 et
1246 2957 1718 3041 aspicerentur3
1777 2957 1846 3020 id
1890 2957 2043 3022 satis
2087 2956 2172 3021 ad

346 3061 699 3129 victoriam.
789 3060 1244 3126 duodecimum
1306 3061 1479 3146 apud
1537 3061 1819 3147 lapidem
1876 3062 2173 3128 Sacrovir

282 3191 332 3231 ιο
351 3167 705 3253 copiaeque
764 3165 1132 3249 patentibus
1175 3165 1337 3228 locis
1382 3186 1763 3250 apparuere.
1851 3166 1918 3230 in
1959 3166 2169 3230 fronte

350 3275 661 3335 statuerat
703 3268 1006 3352 ferratos,
1065 3269 1133 3333 in
1178 3269 1477 3334 cornibus
1525 3273 1856 3354 cohortes,
1903 3294 1942 3336 a
1984 3276 2168 3355 tergo

348 3394 717 3439 semermos
788 3372 929 3458 ipse
964 3374 1134 3439 inter
1162 3373 1476 3458 primores
1510 3394 1675 3459 equo
1708 3373 1940 3461 insigni
1970 3372 2169 3456 adire,
