2467 3900
605 271 679 310 AB
707 271 958 310 EXOESSU
985 271 1114 310 DIVI
1141 269 1397 310 AUGUSTI
1424 270 1487 309 VI
1514 270 1683 309 25—28.
1944 263 2057 320 235

234 429 339 493 ius
383 429 616 511 valuit3
662 430 992 515 petitaque
1039 430 1409 494 criminibus
1452 428 1622 493 haud
1657 429 1897 515 ignotis
1943 450 2059 492 sua

236 555 436 598 manu
462 554 606 598 sera
628 534 835 619 magis
865 554 1057 618 quam
1079 535 1378 600 inmerita
1398 535 1712 621 supplicia
1727 533 2059 620 persolvit.

370 638 473 700 27.
517 637 643 702 Tot
677 638 955 702 luctibus
987 638 1245 703 funesta
1276 639 1532 704 civitate
1564 659 1713 722 pars
1750 637 2061 704 maeroris

235 742 389 824 fuit,
457 741 631 826 quod
688 739 859 806 Iulia
914 741 1112 806 Drusi
1169 743 1332 824 filia,
1400 742 1727 827 quondam
1780 741 2061 806 Neronis

237 866 427 928 uxor,
481 846 784 931 denupsit
829 847 896 910 in
944 847 1207 911 domum
1252 845 1539 910 Rubellii
1584 846 1838 928 Blandi,
1885 847 2063 910 cuius

239 972 432 1016 avum
459 949 792 1014 Tiburtem
821 950 1105 1034 equitem
1123 949 1487 1014 Romanum
1521 950 1813 1034 plerique
1842 950 2065 1014 memi-

195 1081 200 1088 ·
239 1061 492 1119 nerant.
570 1060 865 1118 extremo
915 1054 1064 1118 anni
1109 1075 1284 1118 mors
1327 1053 1503 1118 Aelii
1532 1052 1798 1117 Lamiae
1839 1053 2108 1117 funerea

201 1153 539 1223 leensorio
615 1157 976 1241 celebrata,
1053 1158 1160 1241 qui
1232 1156 1774 1223 administrandae
1843 1157 2066 1222 Suriae

245 1263 530 1346 imagine
569 1262 833 1327 tandem
866 1263 1200 1328 exsolutus
1238 1264 1380 1327 urbi
1411 1263 1795 1347 praefuerat.
1861 1281 2066 1344 genus

246 1367 344 1430 illi
391 1367 730 1451 decorum,
790 1367 1008 1433 vivida
1053 1374 1390 1449 senectus3
1453 1372 1520 1432 et
1575 1389 1703 1431 non
1753 1365 2068 1451 permissa

246 1471 608 1554 provincia·
649 1471 1090 1556 dignationem
1151 1471 1509 1537 addiderat.
1601 1472 1773 1534 exim
1829 1471 2066 1534 Flacco

245 1576 612 1659 Pomponio
653 1574 878 1640 Suriae
923 1597 1042 1660 pro
1088 1574 1392 1660 praetore
1441 1575 1744 1640 defuncto
1790 1575 2141 1639 recitan-10

243 1684 349 1742 tur
419 1678 711 1744 Caesaris
769 1677 1059 1762 litterae,
1132 1679 1275 1763 quis
1332 1679 1667 1744 incusabat
1733 1678 2072 1761 egregium

248 1804 568 1868 quemque
602 1790 667 1849 et
697 1783 1000 1868 regendis
1029 1784 1422 1848 exercitibus
1451 1783 1759 1851 idoneum
1788 1784 2070 1847 abnuere

248 1886 316 1951 id
359 1908 594 1953 munus
641 1909 840 1974 seque
887 1908 966 1954 ea
1000 1887 1478 1954 necessitudine
1525 1887 1607 1953 ad
1642 1908 1871 1972 preces
1910 1887 2073 1972 cogi,

248 2012 365 2077 per
410 2013 568 2077 quas
615 1993 1051 2057 consularium
1097 1993 1296 2076 aliqui
1344 2012 1679 2078 capessere
1708 1990 2072 2076 provincias

251 2095 689 2179 adigerentur,
740 2096 976 2161 oblitus
1022 2096 1402 2160 Arruntium
1447 2117 1530 2187 ne
1577 2098 1645 2161 in
1690 2095 2073 2180 Hispaniam
2090 2121 2143 2161 15

249 2208 554 2284 pergeret
599 2198 943 2263 decumum
986 2201 1114 2265 iam
1156 2223 1392 2265 annum
1424 2201 1697 2265 attineri.
1770 2200 1929 2264 obiit
1961 2222 2071 2265 eo-

252 2303 399 2367 dem
448 2324 614 2367 anno
664 2309 730 2369 et
771 2304 883 2368 Μ’.
913 2304 1220 2389 LepiduS,
1271 2305 1352 2371 de
1400 2306 1579 2370 cuius
1625 2304 2072 2370 moderatione

254 2413 447 2490 atque
496 2406 816 2490 sapientia
859 2406 926 2469 in
955 2407 1275 2490 prioribus
1311 2409 1490 2473 libris
1526 2410 1682 2491 satis·
1717 2408 2073 2473 conlocavi.

253 2531 464 2594 neque
503 2509 806 2574 nobilitas
838 2509 1078 2574 diutius
1112 2510 1611 2576 demonstranda
1657 2519 1789 2577 est:
1838 2512 2075 2597 quippe

242 2615 604 2681 'Aemilium
661 2636 870 2699 genus
927 2614 1278 2680 fecundum
1338 2616 1655 2681 bonorum
1718 2617 1951 2680 civium
2011 2622 2077 2681 et
2094 2642 2146 2681 20

253 2722 362 2806 qui
389 2720 618 2785 eadem
642 2720 884 2784 familia
913 2720 1232 2804 corruptis
1262 2720 1548 2783 moribus
1579 2719 1830 2783 inlustri
1858 2725 2076 2784 tamen

256 2826 516 2889 fortuna
564 2844 782 2909 egere.

389 2931 492 2993 28.
554 2929 762 2994 Paulo
808 2930 1011 2993 Fabio
1062 2928 1139 2992 L.
1187 2927 1457 2993 Vitellio
1512 2928 1880 2993 consulibus
1930 2932 2080 3012 post

255 3035 526 3117 longum
599 3034 1006 3099 saeculorum
1075 3030 1389 3097 ambitum
1458 3034 1593 3096 avis
1666 3031 1957 3116 phoenix
2013 3030 2079 3094 ih

258 3138 630 3222 Aegyptum
662 3138 840 3203 venit
869 3138 1293 3222 praebuitque
1320 3138 1659 3202 materiem
1694 3135 2081 3201 doctissimis

258 3241 704 3325 indigenarum
750 3248 815 3306 et
850 3243 1252 3308 Graecorum
1296 3243 1501 3306 multa
1547 3262 1742 3326 super
1778 3263 1857 3307 eo
1888 3241 2078 3304 mira-

261 3347 403 3410 culo
451 3346 830 3412 disserendi.
925 3346 1006 3412 de
1065 3346 1297 3431 quibus
1358 3351 1718 3431 congruunt
1778 3351 1843 3409 et
1894 3345 2123 3430 plura5

259 3449 577 3533 ambigua,
624 3450 742 3514 sed
779 3451 1044 3535 cognitu
1079 3470 1212 3513 non
1257 3448 1535 3514 absurda
1565 3468 1864 3533 promere
1895 3448 2076 3512 libet.
