<?xml version="1.0" encoding="UTF-8"?>
<!DOCTYPE html PUBLIC "-//W3C//DTD XHTML 1.0 Transitional//EN"
    "http://www.w3.org/TR/xhtml1/DTD/xhtml1-transitional.dtd">
<html xmlns="http://www.w3.org/1999/xhtml" xml:lang="en" lang="en">
 <head>
  <title>
</title>
<meta http-equiv="Content-Type" content="text/html;charset=utf-8" />
  <meta name='ocr-system' content='tesseract 3.04.00' />
  <meta name='ocr-capabilities' content='ocr_page ocr_carea ocr_par ocr_line ocrx_word'/>
</head>
<body>
  <div class='ocr_page' id='page_1' title='image "./corneliitacitia00gitlgoog_0076.png"; bbox 0 0 2467 3900; ppageno 0'>
   <div class='ocr_carea' id='block_1_1' title="bbox 401 205 1589 262">
    <p class='ocr_par' dir='ltr' id='par_1_1' title="bbox 401 205 1589 262">
     <span class='ocr_line' id='line_1_1' title="bbox 401 205 1589 262; baseline 0.008 -18"><span class='ocrx_word' id='word_1_1' title='bbox 401 205 476 262; x_wconf 77' lang='lat'>64</span> <span class='ocrx_word' id='word_1_2' title='bbox 1085 210 1363 250; x_wconf 82' lang='lat' dir='ltr'>CORNELII</span> <span class='ocrx_word' id='word_1_3' title='bbox 1390 211 1589 253; x_wconf 77' lang='lat' dir='ltr'><strong>TACITI</strong></span> 
     </span>
    </p>
   </div>
   <div class='ocr_carea' id='block_1_2' title="bbox 318 371 2243 3478">
    <p class='ocr_par' dir='ltr' id='par_1_2' title="bbox 399 371 2243 771">
     <span class='ocr_line' id='line_1_2' title="bbox 537 371 2243 442; baseline 0.005 -9"><span class='ocrx_word' id='word_1_4' title='bbox 537 372 638 436; x_wconf 92' lang='lat'>11.</span> <span class='ocrx_word' id='word_1_5' title='bbox 703 371 981 436; x_wconf 86' lang='lat' dir='ltr'>Postero</span> <span class='ocrx_word' id='word_1_6' title='bbox 1032 372 1136 437; x_wconf 89' lang='lat' dir='ltr'>die</span> <span class='ocrx_word' id='word_1_7' title='bbox 1171 373 1646 438; x_wconf 76' lang='lat' dir='ltr'>Germanorum</span> <span class='ocrx_word' id='word_1_8' title='bbox 1692 375 1863 440; x_wconf 90' lang='lat' dir='ltr'>acies</span> <span class='ocrx_word' id='word_1_9' title='bbox 1908 381 2087 441; x_wconf 87' lang='lat' dir='ltr'>trans</span> <span class='ocrx_word' id='word_1_10' title='bbox 2117 377 2243 442; x_wconf 89' lang='lat' dir='ltr'>Vi-</span> 
     </span>
     <span class='ocr_line' id='line_1_3' title="bbox 401 475 2243 565; baseline 0.004 -27"><span class='ocrx_word' id='word_1_11' title='bbox 401 475 645 560; x_wconf 89' lang='lat' dir='ltr'>surgim</span> <span class='ocrx_word' id='word_1_12' title='bbox 691 476 888 540; x_wconf 90' lang='lat' dir='ltr'>stetit.</span> <span class='ocrx_word' id='word_1_13' title='bbox 970 475 1207 540; x_wconf 81' lang='lat' dir='ltr'>Caesar</span> <span class='ocrx_word' id='word_1_14' title='bbox 1250 477 1375 540; x_wconf 90' lang='lat' dir='ltr'>nisi</span> <span class='ocrx_word' id='word_1_15' title='bbox 1418 477 1724 560; x_wconf 89' lang='lat' dir='ltr'>pontibus</span> <span class='ocrx_word' id='word_1_16' title='bbox 1764 479 2243 565; x_wconf 82' lang='lat' dir='ltr'>praesidiisque</span> 
     </span>
     <span class='ocr_line' id='line_1_4' title="bbox 399 577 2241 669; baseline 0.004 -27"><span class='ocrx_word' id='word_1_17' title='bbox 399 579 694 663; x_wconf 82' lang='lat' dir='ltr'>inpositis</span> <span class='ocrx_word' id='word_1_18' title='bbox 742 578 895 644; x_wconf 91' lang='lat' dir='ltr'>dare</span> <span class='ocrx_word' id='word_1_19' title='bbox 939 580 1005 642; x_wconf 93' lang='lat' dir='ltr'>in</span> <span class='ocrx_word' id='word_1_20' title='bbox 1052 579 1395 644; x_wconf 81' lang='lat' dir='ltr'>discrimen</span> <span class='ocrx_word' id='word_1_21' title='bbox 1424 580 1720 664; x_wconf 72' lang='lat' dir='ltr'>legiones</span> <span class='ocrx_word' id='word_1_22' title='bbox 1751 577 2241 669; x_wconf 58' lang='lat' dir='ltr'>haud&#39;impera-</span> 
     </span>
     <span class='ocr_line' id='line_1_5' title="bbox 401 681 2241 771; baseline 0.004 -27"><span class='ocrx_word' id='word_1_23' title='bbox 401 681 641 745; x_wconf 90' lang='lat' dir='ltr'>torium</span> <span class='ocrx_word' id='word_1_24' title='bbox 697 687 874 746; x_wconf 89' lang='lat' dir='ltr'>ratus</span> <span class='ocrx_word' id='word_1_25' title='bbox 932 682 1214 767; x_wconf 83' lang='lat' dir='ltr'>equitem</span> <span class='ocrx_word' id='word_1_26' title='bbox 1273 682 1440 748; x_wconf 85' lang='lat' dir='ltr'>vado</span> <span class='ocrx_word' id='word_1_27' title='bbox 1488 684 1803 750; x_wconf 77' lang='lat' dir='ltr'>tramittit.</span> <span class='ocrx_word' id='word_1_28' title='bbox 1892 688 2241 771; x_wconf 85' lang='lat' dir='ltr'>praefuere</span> 
     </span>
    </p>

    <p class='ocr_par' dir='ltr' id='par_1_3' title="bbox 361 785 2242 1273">
     <span class='ocr_line' id='line_1_6' title="bbox 361 785 2241 872; baseline 0.003 -21"><span class='ocrx_word' id='word_1_29' title='bbox 361 785 744 851; x_wconf 81' lang='lat' dir='ltr'>5Stertinius</span> <span class='ocrx_word' id='word_1_30' title='bbox 809 794 875 850; x_wconf 89' lang='lat' dir='ltr'>et</span> <span class='ocrx_word' id='word_1_31' title='bbox 935 807 971 850; x_wconf 89' lang='lat' dir='ltr'>e</span> <span class='ocrx_word' id='word_1_32' title='bbox 1025 808 1296 852; x_wconf 91' lang='lat' dir='ltr'>numero</span> <span class='ocrx_word' id='word_1_33' title='bbox 1354 788 1847 872; x_wconf 88' lang='lat' dir='ltr'>primipilarium</span> <span class='ocrx_word' id='word_1_34' title='bbox 1889 788 2241 870; x_wconf 76' lang='lat' dir='ltr'>Aemiliu8‚</span> 
     </span>
     <span class='ocr_line' id='line_1_7' title="bbox 405 889 2242 974; baseline 0.004 -21"><span class='ocrx_word' id='word_1_35' title='bbox 405 889 788 954; x_wconf 87' lang='lat' dir='ltr'>distantibus</span> <span class='ocrx_word' id='word_1_36' title='bbox 845 890 1006 954; x_wconf 89' lang='lat' dir='ltr'>locis</span> <span class='ocrx_word' id='word_1_37' title='bbox 1064 891 1332 974; x_wconf 86' lang='lat' dir='ltr'>invecti,</span> <span class='ocrx_word' id='word_1_38' title='bbox 1390 897 1463 954; x_wconf 96' lang='lat' dir='ltr'>ut</span> <span class='ocrx_word' id='word_1_39' title='bbox 1518 891 1772 957; x_wconf 88' lang='lat' dir='ltr'>hostem</span> <span class='ocrx_word' id='word_1_40' title='bbox 1830 893 2242 960; x_wconf 89' lang='lat' dir='ltr'>diducerent.</span> 
     </span>
     <span class='ocr_line' id='line_1_8' title="bbox 403 993 2242 1079; baseline 0.003 -21"><span class='ocrx_word' id='word_1_41' title='bbox 403 1015 529 1079; x_wconf 93' lang='lat' dir='ltr'>qua</span> <span class='ocrx_word' id='word_1_42' title='bbox 559 995 930 1060; x_wconf 88' lang='lat' dir='ltr'>celerrimus</span> <span class='ocrx_word' id='word_1_43' title='bbox 962 995 1186 1076; x_wconf 90' lang='lat' dir='ltr'>amnis,</span> <span class='ocrx_word' id='word_1_44' title='bbox 1221 994 1653 1061; x_wconf 80' lang='lat' dir='ltr'>Chariovalda</span> <span class='ocrx_word' id='word_1_45' title='bbox 1677 996 1810 1060; x_wconf 82' lang='lat' dir='ltr'>dux</span> <span class='ocrx_word' id='word_1_46' title='bbox 1832 993 2242 1064; x_wconf 87' lang='lat' dir='ltr'>Batavorum</span> 
     </span>
     <span class='ocr_line' id='line_1_9' title="bbox 403 1098 2241 1188; baseline 0.002 -24"><span class='ocrx_word' id='word_1_47' title='bbox 403 1101 634 1184; x_wconf 86' lang='lat' dir='ltr'>erupit.</span> <span class='ocrx_word' id='word_1_48' title='bbox 713 1121 862 1164; x_wconf 90' lang='lat' dir='ltr'>eum</span> <span class='ocrx_word' id='word_1_49' title='bbox 911 1098 1217 1164; x_wconf 81' lang='lat' dir='ltr'>Cherusci</span> <span class='ocrx_word' id='word_1_50' title='bbox 1261 1099 1481 1182; x_wconf 89' lang='lat' dir='ltr'>fugam</span> <span class='ocrx_word' id='word_1_51' title='bbox 1525 1101 1899 1167; x_wconf 87' lang='lat' dir='ltr'>simulantes</span> <span class='ocrx_word' id='word_1_52' title='bbox 1928 1105 1995 1166; x_wconf 93' lang='lat' dir='ltr'>in</span> <span class='ocrx_word' id='word_1_53' title='bbox 2028 1104 2241 1188; x_wconf 85' lang='lat' dir='ltr'>plani-</span> 
     </span>
     <span class='ocr_line' id='line_1_10' title="bbox 400 1202 2238 1273; baseline 0.002 -6"><span class='ocrx_word' id='word_1_54' title='bbox 400 1202 556 1268; x_wconf 85' lang='lat' dir='ltr'>tiem</span> <span class='ocrx_word' id='word_1_55' title='bbox 616 1205 883 1268; x_wconf 90' lang='lat' dir='ltr'>saltibus</span> <span class='ocrx_word' id='word_1_56' title='bbox 943 1203 1420 1268; x_wconf 77' lang='lat' dir='ltr'>circumiectam</span> <span class='ocrx_word' id='word_1_57' title='bbox 1464 1210 1761 1269; x_wconf 84' lang='lat' dir='ltr'>traxere:</span> <span class='ocrx_word' id='word_1_58' title='bbox 1825 1206 1976 1271; x_wconf 87' lang='lat' dir='ltr'>dein</span> <span class='ocrx_word' id='word_1_59' title='bbox 2025 1209 2238 1273; x_wconf 89' lang='lat' dir='ltr'>coorti</span> 
     </span>
    </p>

    <p class='ocr_par' dir='ltr' id='par_1_4' title="bbox 333 1305 2239 1602">
     <span class='ocr_line' id='line_1_11' title="bbox 333 1305 2239 1393; baseline 0.003 -24"><span class='ocrx_word' id='word_1_60' title='bbox 333 1324 384 1363; x_wconf 92' lang='lat'>10</span> <span class='ocrx_word' id='word_1_61' title='bbox 403 1312 468 1370; x_wconf 90' lang='lat' dir='ltr'>et</span> <span class='ocrx_word' id='word_1_62' title='bbox 495 1305 781 1390; x_wconf 86' lang='lat' dir='ltr'>undique</span> <span class='ocrx_word' id='word_1_63' title='bbox 815 1307 1000 1372; x_wconf 90' lang='lat' dir='ltr'>effusi</span> <span class='ocrx_word' id='word_1_64' title='bbox 1032 1308 1297 1393; x_wconf 85' lang='lat' dir='ltr'>trudunt</span> <span class='ocrx_word' id='word_1_65' title='bbox 1316 1308 1645 1392; x_wconf 82' lang='lat' dir='ltr'>adversos,</span> <span class='ocrx_word' id='word_1_66' title='bbox 1677 1308 1918 1374; x_wconf 85' lang='lat' dir='ltr'>instant</span> <span class='ocrx_word' id='word_1_67' title='bbox 1942 1310 2239 1376; x_wconf 90' lang='lat' dir='ltr'>cedenti-</span> 
     </span>
     <span class='ocr_line' id='line_1_12' title="bbox 399 1411 2236 1498; baseline 0.003 -24"><span class='ocrx_word' id='word_1_68' title='bbox 399 1411 519 1474; x_wconf 88' lang='lat' dir='ltr'>bus</span> <span class='ocrx_word' id='word_1_69' title='bbox 567 1411 1003 1495; x_wconf 88' lang='lat' dir='ltr'>collectosque</span> <span class='ocrx_word' id='word_1_70' title='bbox 1033 1411 1101 1473; x_wconf 92' lang='lat' dir='ltr'>in</span> <span class='ocrx_word' id='word_1_71' title='bbox 1135 1412 1360 1476; x_wconf 91' lang='lat' dir='ltr'>orbem</span> <span class='ocrx_word' id='word_1_72' title='bbox 1388 1432 1537 1496; x_wconf 91' lang='lat' dir='ltr'>pars</span> <span class='ocrx_word' id='word_1_73' title='bbox 1570 1415 1919 1498; x_wconf 85' lang='lat' dir='ltr'>congressi,</span> <span class='ocrx_word' id='word_1_74' title='bbox 1966 1415 2236 1498; x_wconf 88' lang='lat' dir='ltr'>quidam</span> 
     </span>
     <span class='ocr_line' id='line_1_13' title="bbox 402 1515 2237 1602; baseline 0.003 -24"><span class='ocrx_word' id='word_1_75' title='bbox 402 1515 650 1602; x_wconf 86' lang='lat' dir='ltr'>eminus</span> <span class='ocrx_word' id='word_1_76' title='bbox 707 1515 1108 1600; x_wconf 88' lang='lat' dir='ltr'>proturbant.</span> <span class='ocrx_word' id='word_1_77' title='bbox 1214 1516 1646 1582; x_wconf 80' lang='lat' dir='ltr'>Chariovalda</span> <span class='ocrx_word' id='word_1_78' title='bbox 1704 1516 1816 1580; x_wconf 92' lang='lat' dir='ltr'>diu</span> <span class='ocrx_word' id='word_1_79' title='bbox 1872 1523 2237 1584; x_wconf 83' lang='lat' dir='ltr'>sustentata</span> 
     </span>
    </p>

    <p class='ocr_par' dir='ltr' id='par_1_5' title="bbox 355 1618 2232 1812">
     <span class='ocr_line' id='line_1_14' title="bbox 355 1618 2232 1706; baseline 0.003 -25"><span class='ocrx_word' id='word_1_80' title='bbox 355 1621 362 1627; x_wconf 83' lang='grc'><strong>’</strong></span> <span class='ocrx_word' id='word_1_81' title='bbox 400 1618 686 1683; x_wconf 90' lang='lat' dir='ltr'>hostium</span> <span class='ocrx_word' id='word_1_82' title='bbox 717 1620 1002 1701; x_wconf 84' lang='lat' dir='ltr'>saevitia,</span> <span class='ocrx_word' id='word_1_83' title='bbox 1034 1620 1327 1686; x_wconf 90' lang='lat' dir='ltr'>hortatus</span> <span class='ocrx_word' id='word_1_84' title='bbox 1358 1643 1509 1687; x_wconf 92' lang='lat' dir='ltr'>suos</span> <span class='ocrx_word' id='word_1_85' title='bbox 1527 1628 1599 1685; x_wconf 92' lang='lat' dir='ltr'>ut</span> <span class='ocrx_word' id='word_1_86' title='bbox 1616 1622 1997 1706; x_wconf 84' lang='lat' dir='ltr'>ingruentes</span> <span class='ocrx_word' id='word_1_87' title='bbox 2026 1631 2232 1688; x_wconf 85' lang='lat' dir='ltr'>cater-</span> 
     </span>
     <span class='ocr_line' id='line_1_15' title="bbox 398 1723 2232 1812; baseline 0.003 -26"><span class='ocrx_word' id='word_1_88' title='bbox 398 1744 512 1786; x_wconf 88' lang='lat' dir='ltr'>vas</span> <span class='ocrx_word' id='word_1_89' title='bbox 575 1723 772 1806; x_wconf 90' lang='lat' dir='ltr'>globo</span> <span class='ocrx_word' id='word_1_90' title='bbox 817 1724 1326 1810; x_wconf 87' lang='lat' dir='ltr'>perfringerent,</span> <span class='ocrx_word' id='word_1_91' title='bbox 1387 1731 1579 1811; x_wconf 85' lang='lat' dir='ltr'>atque</span> <span class='ocrx_word' id='word_1_92' title='bbox 1624 1727 1763 1812; x_wconf 89' lang='lat' dir='ltr'>ipse</span> <span class='ocrx_word' id='word_1_93' title='bbox 1810 1726 2232 1794; x_wconf 86' lang='lat' dir='ltr'>densissimos</span> 
     </span>
    </p>

    <p class='ocr_par' dir='ltr' id='par_1_6' title="bbox 329 1827 2231 2225">
     <span class='ocr_line' id='line_1_16' title="bbox 329 1827 2231 1915; baseline 0.003 -25"><span class='ocrx_word' id='word_1_94' title='bbox 329 1839 381 1878; x_wconf 82' lang='lat'>15</span> <span class='ocrx_word' id='word_1_95' title='bbox 397 1827 790 1913; x_wconf 87' lang='lat' dir='ltr'>inrumpens,</span> <span class='ocrx_word' id='word_1_96' title='bbox 836 1830 1162 1912; x_wconf 87' lang='lat' dir='ltr'>congestis</span> <span class='ocrx_word' id='word_1_97' title='bbox 1201 1830 1348 1893; x_wconf 90' lang='lat' dir='ltr'>telis</span> <span class='ocrx_word' id='word_1_98' title='bbox 1386 1836 1452 1894; x_wconf 91' lang='lat' dir='ltr'>et</span> <span class='ocrx_word' id='word_1_99' title='bbox 1482 1831 1754 1894; x_wconf 85' lang='lat' dir='ltr'>suffosso</span> <span class='ocrx_word' id='word_1_100' title='bbox 1790 1850 1956 1915; x_wconf 89' lang='lat' dir='ltr'>equo</span> <span class='ocrx_word' id='word_1_101' title='bbox 1989 1831 2231 1896; x_wconf 89' lang='lat' dir='ltr'>labitur</span> 
     </span>
     <span class='ocr_line' id='line_1_17' title="bbox 399 1933 2229 2021; baseline 0.003 -26"><span class='ocrx_word' id='word_1_102' title='bbox 399 1954 472 1997; x_wconf 90' lang='lat' dir='ltr'>ac</span> <span class='ocrx_word' id='word_1_103' title='bbox 502 1933 685 1996; x_wconf 90' lang='lat' dir='ltr'>multi</span> <span class='ocrx_word' id='word_1_104' title='bbox 715 1933 1029 1999; x_wconf 91' lang='lat' dir='ltr'>nobilium</span> <span class='ocrx_word' id='word_1_105' title='bbox 1063 1933 1263 1998; x_wconf 90' lang='lat' dir='ltr'>circa:</span> <span class='ocrx_word' id='word_1_106' title='bbox 1297 1939 1549 1999; x_wconf 91' lang='lat' dir='ltr'>ceteros</span> <span class='ocrx_word' id='word_1_107' title='bbox 1579 1934 1677 2000; x_wconf 88' lang='lat' dir='ltr'>vis</span> <span class='ocrx_word' id='word_1_108' title='bbox 1702 1956 1815 1999; x_wconf 87' lang='lat' dir='ltr'>sua</span> <span class='ocrx_word' id='word_1_109' title='bbox 1840 1940 1950 2000; x_wconf 91' lang='lat' dir='ltr'>aut</span> <span class='ocrx_word' id='word_1_110' title='bbox 1976 1936 2229 2021; x_wconf 89' lang='lat' dir='ltr'>equites</span> 
     </span>
     <span class='ocr_line' id='line_1_18' title="bbox 399 2037 2224 2125; baseline 0.004 -24"><span class='ocrx_word' id='word_1_111' title='bbox 399 2058 544 2101; x_wconf 92' lang='lat' dir='ltr'>cum</span> <span class='ocrx_word' id='word_1_112' title='bbox 589 2038 896 2104; x_wconf 81' lang='lat' dir='ltr'>Stertinio</span> <span class='ocrx_word' id='word_1_113' title='bbox 942 2037 1358 2124; x_wconf 87' lang='lat' dir='ltr'>Aemilioque</span> <span class='ocrx_word' id='word_1_114' title='bbox 1418 2040 1873 2105; x_wconf 87' lang='lat' dir='ltr'>subvenientes</span> <span class='ocrx_word' id='word_1_115' title='bbox 1934 2044 2224 2125; x_wconf 90' lang='lat' dir='ltr'>periculo</span> 
     </span>
     <span class='ocr_line' id='line_1_19' title="bbox 399 2164 829 2225; baseline 0.002 -18"><span class='ocrx_word' id='word_1_116' title='bbox 399 2164 725 2208; x_wconf 86' lang='lat' dir='ltr'>exemere.</span> <span class='ocrx_word' id='word_1_117' title='bbox 825 2218 829 2225; x_wconf 86' lang='lat'>.</span> 
     </span>
    </p>

    <p class='ocr_par' dir='ltr' id='par_1_7' title="bbox 393 2247 2227 2649">
     <span class='ocr_line' id='line_1_20' title="bbox 531 2247 2227 2336; baseline 0.004 -27"><span class='ocrx_word' id='word_1_118' title='bbox 531 2248 631 2311; x_wconf 85' lang='lat'>12.</span> <span class='ocrx_word' id='word_1_119' title='bbox 702 2247 938 2311; x_wconf 81' lang='lat' dir='ltr'>Caesar</span> <span class='ocrx_word' id='word_1_120' title='bbox 975 2253 1414 2331; x_wconf 86' lang='lat' dir='ltr'>transgressus</span> <span class='ocrx_word' id='word_1_121' title='bbox 1445 2248 1777 2333; x_wconf 89' lang='lat' dir='ltr'>Visurgim</span> <span class='ocrx_word' id='word_1_122' title='bbox 1807 2251 2047 2316; x_wconf 86' lang='lat' dir='ltr'>indicio</span> <span class='ocrx_word' id='word_1_123' title='bbox 2080 2273 2227 2336; x_wconf 89' lang='lat' dir='ltr'>per-</span> 
     </span>
     <span class='ocr_line' id='line_1_21' title="bbox 395 2351 2221 2441; baseline 0.004 -28"><span class='ocrx_word' id='word_1_124' title='bbox 395 2351 587 2435; x_wconf 88' lang='lat' dir='ltr'>fugae</span> <span class='ocrx_word' id='word_1_125' title='bbox 635 2352 970 2435; x_wconf 89' lang='lat' dir='ltr'>cognoscit</span> <span class='ocrx_word' id='word_1_126' title='bbox 1016 2352 1340 2418; x_wconf 89' lang='lat' dir='ltr'>delectum</span> <span class='ocrx_word' id='word_1_127' title='bbox 1372 2355 1450 2419; x_wconf 91' lang='lat' dir='ltr'>ab</span> <span class='ocrx_word' id='word_1_128' title='bbox 1481 2353 1776 2419; x_wconf 86' lang='lat' dir='ltr'>Arminio</span> <span class='ocrx_word' id='word_1_129' title='bbox 1809 2357 2024 2420; x_wconf 93' lang='lat' dir='ltr'>locum</span> <span class='ocrx_word' id='word_1_130' title='bbox 2056 2378 2221 2441; x_wconf 90' lang='lat' dir='ltr'>pug-</span> 
     </span>
     <span class='ocr_line' id='line_1_22' title="bbox 393 2456 2222 2535; baseline 0.004 -19"><span class='ocrx_word' id='word_1_131' title='bbox 393 2474 548 2535; x_wconf 83' lang='lat' dir='ltr'>nae3</span> <span class='ocrx_word' id='word_1_132' title='bbox 583 2456 958 2520; x_wconf 90' lang='lat' dir='ltr'>convenisse</span> <span class='ocrx_word' id='word_1_133' title='bbox 993 2463 1058 2521; x_wconf 88' lang='lat' dir='ltr'>et</span> <span class='ocrx_word' id='word_1_134' title='bbox 1090 2457 1245 2522; x_wconf 89' lang='lat' dir='ltr'>alias</span> <span class='ocrx_word' id='word_1_135' title='bbox 1275 2459 1571 2523; x_wconf 90' lang='lat' dir='ltr'>nationes</span> <span class='ocrx_word' id='word_1_136' title='bbox 1603 2459 1669 2521; x_wconf 92' lang='lat' dir='ltr'>in</span> <span class='ocrx_word' id='word_1_137' title='bbox 1699 2460 1927 2525; x_wconf 89' lang='lat' dir='ltr'>silvam</span> <span class='ocrx_word' id='word_1_138' title='bbox 1947 2461 2222 2526; x_wconf 87' lang='lat' dir='ltr'>Herculi</span> 
     </span>
     <span class='ocr_line' id='line_1_23' title="bbox 395 2568 2220 2649; baseline 0.003 -28"><span class='ocrx_word' id='word_1_139' title='bbox 395 2578 641 2622; x_wconf 88' lang='lat' dir='ltr'>sacram</span> <span class='ocrx_word' id='word_1_140' title='bbox 692 2581 1088 2646; x_wconf 88' lang='lat' dir='ltr'>ausurosque</span> <span class='ocrx_word' id='word_1_141' title='bbox 1134 2568 1517 2627; x_wconf 89' lang='lat' dir='ltr'>nocturnam</span> <span class='ocrx_word' id='word_1_142' title='bbox 1565 2571 1920 2628; x_wconf 88' lang='lat' dir='ltr'>castrorum</span> <span class='ocrx_word' id='word_1_143' title='bbox 1970 2585 2220 2649; x_wconf 90' lang='lat' dir='ltr'>oppug-</span> 
     </span>
    </p>

    <p class='ocr_par' dir='ltr' id='par_1_8' title="bbox 318 2663 2222 3478">
     <span class='ocr_line' id='line_1_24' title="bbox 349 2663 2222 2752; baseline 0.005 -29"><span class='ocrx_word' id='word_1_144' title='bbox 349 2663 741 2730; x_wconf 82' lang='lat' dir='ltr'>5nationem.</span> <span class='ocrx_word' id='word_1_145' title='bbox 816 2666 1036 2731; x_wconf 88' lang='lat' dir='ltr'>habita</span> <span class='ocrx_word' id='word_1_146' title='bbox 1078 2666 1277 2731; x_wconf 87' lang='lat' dir='ltr'>indici</span> <span class='ocrx_word' id='word_1_147' title='bbox 1304 2668 1465 2732; x_wconf 88' lang='lat' dir='ltr'>fides</span> <span class='ocrx_word' id='word_1_148' title='bbox 1498 2674 1563 2733; x_wconf 89' lang='lat' dir='ltr'>et</span> <span class='ocrx_word' id='word_1_149' title='bbox 1591 2667 2013 2733; x_wconf 89' lang='lat' dir='ltr'>cernebantur</span> <span class='ocrx_word' id='word_1_150' title='bbox 2034 2668 2222 2752; x_wconf 90' lang='lat' dir='ltr'>ignes</span> 
     </span>
     <span class='ocr_line' id='line_1_25' title="bbox 392 2770 2220 2857; baseline 0.003 -27"><span class='ocrx_word' id='word_1_151' title='bbox 392 2770 846 2855; x_wconf 89' lang='lat' dir='ltr'>suggressique</span> <span class='ocrx_word' id='word_1_152' title='bbox 885 2772 1152 2856; x_wconf 90' lang='lat' dir='ltr'>propius</span> <span class='ocrx_word' id='word_1_153' title='bbox 1185 2772 1625 2857; x_wconf 89' lang='lat' dir='ltr'>speculatores</span> <span class='ocrx_word' id='word_1_154' title='bbox 1655 2770 1862 2835; x_wconf 89' lang='lat' dir='ltr'>audiri</span> <span class='ocrx_word' id='word_1_155' title='bbox 1892 2770 2220 2836; x_wconf 89' lang='lat' dir='ltr'>fremitum</span> 
     </span>
     <span class='ocr_line' id='line_1_26' title="bbox 394 2874 2220 2960; baseline 0.002 -23"><span class='ocrx_word' id='word_1_156' title='bbox 394 2893 705 2957; x_wconf 90' lang='lat' dir='ltr'>equorum</span> <span class='ocrx_word' id='word_1_157' title='bbox 749 2874 1155 2960; x_wconf 90' lang='lat' dir='ltr'>inmensique</span> <span class='ocrx_word' id='word_1_158' title='bbox 1190 2881 1257 2940; x_wconf 89' lang='lat' dir='ltr'>et</span> <span class='ocrx_word' id='word_1_159' title='bbox 1286 2876 1597 2940; x_wconf 91' lang='lat' dir='ltr'>inconditi</span> <span class='ocrx_word' id='word_1_160' title='bbox 1630 2875 1899 2959; x_wconf 89' lang='lat' dir='ltr'>agminis</span> <span class='ocrx_word' id='word_1_161' title='bbox 1930 2896 2220 2940; x_wconf 87' lang='lat' dir='ltr'>murmur</span> 
     </span>
     <span class='ocr_line' id='line_1_27' title="bbox 391 2978 2218 3063; baseline 0.003 -24"><span class='ocrx_word' id='word_1_162' title='bbox 391 2978 682 3042; x_wconf 89' lang='lat' dir='ltr'>attulere.</span> <span class='ocrx_word' id='word_1_163' title='bbox 748 2978 943 3061; x_wconf 91' lang='lat' dir='ltr'>igitur</span> <span class='ocrx_word' id='word_1_164' title='bbox 988 2979 1351 3063; x_wconf 90' lang='lat' dir='ltr'>propinquo</span> <span class='ocrx_word' id='word_1_165' title='bbox 1401 3000 1687 3043; x_wconf 88' lang='lat' dir='ltr'>summae</span> <span class='ocrx_word' id='word_1_166' title='bbox 1717 2978 1814 3043; x_wconf 88' lang='lat' dir='ltr'>rei</span> <span class='ocrx_word' id='word_1_167' title='bbox 1846 2978 2218 3051; x_wconf 85' lang='lat' dir='ltr'>discrimine</span> 
     </span>
     <span class='ocr_line' id='line_1_28' title="bbox 390 3079 2217 3168; baseline 0.002 -23"><span class='ocrx_word' id='word_1_168' title='bbox 390 3079 828 3165; x_wconf 85' lang='lat' dir='ltr'>explorandos</span> <span class='ocrx_word' id='word_1_169' title='bbox 895 3081 1169 3145; x_wconf 89' lang='lat' dir='ltr'>militum</span> <span class='ocrx_word' id='word_1_170' title='bbox 1232 3083 1478 3146; x_wconf 90' lang='lat' dir='ltr'>animos</span> <span class='ocrx_word' id='word_1_171' title='bbox 1534 3088 1744 3165; x_wconf 89' lang='lat' dir='ltr'>ratus,</span> <span class='ocrx_word' id='word_1_172' title='bbox 1810 3104 2091 3168; x_wconf 91' lang='lat' dir='ltr'>quonam</span> <span class='ocrx_word' id='word_1_173' title='bbox 2147 3084 2217 3148; x_wconf 87' lang='lat' dir='ltr'>id</span> 
     </span>
     <span class='ocr_line' id='line_1_29' title="bbox 318 3184 2215 3271; baseline 0.005 -28"><span class='ocrx_word' id='word_1_174' title='bbox 318 3204 369 3243; x_wconf 88' lang='lat'>10</span> <span class='ocrx_word' id='word_1_175' title='bbox 387 3184 583 3248; x_wconf 85' lang='lat' dir='ltr'>modo</span> <span class='ocrx_word' id='word_1_176' title='bbox 616 3185 1058 3270; x_wconf 91' lang='lat' dir='ltr'>incorruptum</span> <span class='ocrx_word' id='word_1_177' title='bbox 1089 3187 1277 3270; x_wconf 89' lang='lat' dir='ltr'>foret,</span> <span class='ocrx_word' id='word_1_178' title='bbox 1311 3208 1530 3252; x_wconf 89' lang='lat' dir='ltr'>secum</span> <span class='ocrx_word' id='word_1_179' title='bbox 1552 3187 1855 3271; x_wconf 86' lang='lat' dir='ltr'>agitabat.</span> <span class='ocrx_word' id='word_1_180' title='bbox 1920 3189 2215 3253; x_wconf 88' lang='lat' dir='ltr'>tribunos</span> 
     </span>
     <span class='ocr_line' id='line_1_30' title="bbox 389 3289 2217 3377; baseline 0.002 -26"><span class='ocrx_word' id='word_1_181' title='bbox 389 3293 454 3351; x_wconf 90' lang='lat' dir='ltr'>et</span> <span class='ocrx_word' id='word_1_182' title='bbox 500 3289 907 3355; x_wconf 90' lang='lat' dir='ltr'>centuriones</span> <span class='ocrx_word' id='word_1_183' title='bbox 951 3290 1124 3353; x_wconf 90' lang='lat' dir='ltr'>laeta</span> <span class='ocrx_word' id='word_1_184' title='bbox 1168 3292 1426 3376; x_wconf 90' lang='lat' dir='ltr'>saepius</span> <span class='ocrx_word' id='word_1_185' title='bbox 1472 3312 1664 3375; x_wconf 90' lang='lat' dir='ltr'>quam</span> <span class='ocrx_word' id='word_1_186' title='bbox 1696 3296 2024 3377; x_wconf 89' lang='lat' dir='ltr'>comperta</span> <span class='ocrx_word' id='word_1_187' title='bbox 2052 3312 2217 3356; x_wconf 92' lang='lat' dir='ltr'>nun-</span> 
     </span>
     <span class='ocr_line' id='line_1_31' title="bbox 388 3390 2214 3478; baseline 0.005 -26"><span class='ocrx_word' id='word_1_188' title='bbox 388 3390 582 3473; x_wconf 88' lang='lat' dir='ltr'>tiare,</span> <span class='ocrx_word' id='word_1_189' title='bbox 637 3392 1017 3459; x_wconf 89' lang='lat' dir='ltr'>libertorum</span> <span class='ocrx_word' id='word_1_190' title='bbox 1076 3394 1335 3458; x_wconf 86' lang='lat' dir='ltr'>servilia</span> <span class='ocrx_word' id='word_1_191' title='bbox 1377 3395 1670 3478; x_wconf 89' lang='lat' dir='ltr'>ingenia,</span> <span class='ocrx_word' id='word_1_192' title='bbox 1734 3394 1953 3459; x_wconf 89' lang='lat' dir='ltr'>amicis</span> <span class='ocrx_word' id='word_1_193' title='bbox 1997 3396 2214 3462; x_wconf 90' lang='lat' dir='ltr'>inesse</span> 
     </span>
    </p>
   </div>
  </div>
 </body>
</html>
