2467 3900
343 228 452 286 186
1001 232 1279 272 coenan
1304 232 1501 273 TAOITI

339 391 478 456 nari
506 393 704 456 talem
736 392 834 456 sui
865 394 1126 456 cultum.
1179 393 1353 478 quod
1384 393 1493 456 alii
1513 393 1917 471 modestiam,
1949 391 2156 471 multi,

341 496 488 580 quia
523 495 862 578 diffideret,
911 495 1172 580 quidam
1214 502 1287 560 ut
1334 497 1679 582 degeneris
1725 497 1919 562 animi
1964 497 2159 561 inter-

272 601 774 685 20pretaban1'1ur.
839 610 1138 684 optumos
1175 601 1415 687 quippe
1450 601 1815 666 mortalium
1850 599 2161 664 altissima

341 724 610 788 cupere:
659 705 750 768 sic
790 705 1144 770 Herculem
1193 713 1261 770 et
1297 705 1603 770 Liberum
1644 705 1817 791 apud
1852 705 2157 791 Graecos²

341 807 674 882 Quirinum
708 808 881 892 apud
911 830 1030 873 nos
1063 810 1259 874 deum
1287 830 1559 876 numero
1590 810 1881 880 additos:
1928 810 2158 874 melius

337 912 730 995 Augustum,
775 915 885 997 qui
919 916 1293 998 speraverit.
1358 921 1574 979 cetera
1603 914 1998 998 principibus
2027 919 2157 978 sta·

338 1017 454 1079 tim
499 1017 764 1082 adesse:
824 1039 1024 1082 unum
1068 1019 1515 1084 insatiabiliter
1557 1018 1945 1103 parandum,
2006 1037 2156 1103 pro-

269 1145 320 1183 25
339 1143 594 1206 speram
623 1122 721 1186 sui
749 1123 1159 1204 memoriam3
1189 1145 1339 1188 nam
1367 1127 1741 1207 contemptu
1770 1122 1978 1186 famae
2004 1141 2156 1186 con-

338 1227 542 1291 temni
585 1228 872 1292 virtutes.
1145 1300 1148 1302 v

469 1333 572 1396 39.
637 1331 728 1394 At
759 1331 1048 1412 SeianuS‚
1093 1332 1291 1396 nimia
1334 1332 1615 1396 fortuna⁴
1640 1351 1859 1396 socors
1908 1337 1971 1394 et
2008 1351 2157 1415 pro-

339 1437 600 1500 missum
647 1436 1121 1501 matrimonium
1178 1437 1509 1519 flagitante
1553 1435 1771 1516 Livia,
1831 1434 2159 1519 componit

341 1538 421 1602 ad
457 1538 797 1604 Caesarem
828 1538 1190 1606 codicillos:
1239 1540 1437 1604 moris
1474 1541 1712 1624 quippe
1754 1548 1891 1604 tum
1934 1560 2157 1623 quam-

342 1663 533 1726 quam
579 1648 988 1726 praesentem
1034 1645 1271 1729 scripto
1312 1644 1513 1709 adire.
1578 1646 1715 1708 eius
1748 1645 1894 1708 talis
1922 1645 2157 1708 forma:

299 1746 794 1811 sbenevolentia
838 1749 1038 1830 patris
1077 1747 1360 1840 Augusti
1405 1755 1471 1812 et
1514 1768 1671 1810 mox
1714 1748 2005 1832 plurimis
2048 1746 2156 1810 Ti-

342 1851 502 1916 berii
547 1851 798 1914 iudiciis
843 1851 935 1914 ita
977 1851 1361 1934 insuevisse,
1408 1857 1478 1915 ut
1526 1871 1673 1935 spes
1715 1858 1995 1935 votaque
2044 1872 2162 1914 sua

339 1979 468 2022 non
514 1959 690 2043 prius
727 1957 810 2021 ad
843 1958 1002 2020 d'eos
1035 1978 1224 2042 quam
1270 1958 1353 2021 ad
1384 1958 1745 2042 principum
1782 1977 1971 2021 aures
2004 1977 2157 2021 con-

336 2062 554 2127 ferret.
643 2081 854 2147 neque
915 2061 1239 2145 fulgorem
1296 2062 1615 2125 honorum
1665 2080 1967 2145 umquam
2010 2080 2157 2145 pre·

311 2172 586 2251 statum:
638 2166 943 2231 excubias
989 2188 1065 2229 ac
1092 2165 1367 2245 laboreS,
1414 2170 1487 2228 ut
1525 2186 1719 2229 unum
1764 2185 1799 2228 e
1829 2164 2157 2245 militibus,

267 2294 318 2331 ιο
336 2292 454 2355 pro
515 2270 958 2335 incolumitate
1015 2268 1428 2353 imperatoris
1496 2269 1711 2333 malle.
1810 2289 1884 2332 ae
1941 2272 2161 2332 tamen

338 2374 513 2458 quod
583 2372 1082 2458 pulcherrimum
1147 2372 1489 2457 adeptum,
1563 2378 1636 2436 ut
1710 2372 2160 2437 coniunctione

341 2477 632 2543 Caesaris
679 2476 912 2560 dignus
951 2477 1354 2543 crederetur:
1400 2478 1551 2543 hinc
1581 2478 1835 2542 initium
1866 2478 2023 2562 spei.
2094 2485 2162 2543 et

339 2582 643 2666 quoniam
687 2582 1005 2647 audiverit
1050 2582 1419 2666 Augustum
1476 2584 1541 2647 in
1588 2582 1989 2648 conlocanda
2029 2582 2163 2646 filia

339 2706 468 2751 non
527 2686 688 2750 nihil
746 2687 940 2751 etiam
987 2686 1068 2752 de
1114 2688 1435 2771 equitibus
1479 2687 1791 2753 Romanis
1838 2687 2159 2752 consulta-

271 2820 320 2857 15
340 2790 529 2873 visse,
575 2790 683 2872 ita,
730 2792 785 2854 si
830 2791 1096 2855 maritus
1132 2790 1359 2855 Liviae
1405 2796 1842 2875 quaereretur,
1890 2792 2161 2855 haberet

338 2894 403 2959 in
427 2894 637 2957 animo
669 2894 940 2958 amicum
970 2895 1110 2959 sola
1131 2894 1625 2959 necessitudinis
1644 2895 1851 2980 gloria
1873 2916 2159 2959 usurum.

338 3019 468 3062 non
515 3000 685 3062 enim
733 3020 974 3063 exuere
1021 2999 1301 3083 inposita
1334 2997 1582 3062 munia:
1632 3000 1786 3063 satis
1819 3000 2161 3063 aestimare

337 3104 570 3168 firmari
593 3103 859 3167 domum
889 3102 1231 3166 adversum
1254 3102 1503 3187 iniquas
1520 3101 1922 3187 Agrippinae
1956 3102 2161 3167 offen-

341 3209 575 3289 siones,
620 3207 814 3291 idque
859 3205 1211 3269 liberorum
1257 3226 1479 3287 causa3
1526 3228 1674 3271 nam
1723 3206 1846 3271 sibi
1888 3206 2162 3270 multum

273 3338 322 3375 20
343 3331 660 3395 superque
707 3310 880 3373 vitae
925 3307 1092 3387 fore,
1141 3307 1315 3391 quod
1361 3310 1472 3373 tali
1520 3330 1663 3373 cum
1709 3310 1997 3394 principe
2046 3332 2161 3376 ex·

341 3412 670 3496 plevisset.
1389 3426 1397 3435 '
