2467 3900
366 163 447 216 ,38
1047 167 1325 206 CORNELII
1353 168 1547 207 'errrI

372 341 546 390 vere.
639 322 924 405 quietum
969 320 1119 386 inde
1165 321 1308 404 iter,
1352 321 1686 407 fidensque
1721 325 2087 389 recentibus
2124 347 2210 389 ac

372 428 660 512 priorum
706 426 942 490 oblitus
985 425 1170 488 miles
1217 426 1285 488 in
1330 425 1613 490 hibernis
1658 427 1928 492 locatur.

506 532 609 594 52.
668 530 982 595 Nuntiata
1062 551 1140 594 ea
1201 529 1528 594 Tiberium
1605 532 1851 594 laetitia
1916 553 2205 616 curaque

373 635 707 700 adfecere:
772 632 1096 717 gaudebat
1161 654 1536 718 oppressam
1598 634 2013 718 seditionem,
2080 637 2207 700 sed

373 739 546 825 quod
608 737 958 821 largiendis
1026 737 1315 822 pecuniis
1391 743 1457 802 et
1523 738 1827 802 missione
1895 739 2208 804 festinata

373 845 661 908 favorem
690 842 961 905 militum
993 842 1434 926 quaesivisset,
1480 843 1713 907 bellica
1744 865 1998 929 quoque
2035 844 2208 909 Ger-

333 947 603 1014 5manici
647 946 856 1029 gloria
897 946 1277 1030 angebatur.
1350 939 1603 1010 rettulit
1647 954 1864 1012 tamen
1893 948 1974 1011 ad
2012 969 2207 1013 sena-

375 1058 512 1115 tum
574 1051 655 1114 de
715 1051 910 1114 rebus
974 1050 1176 1134 gestis
1238 1050 1565 1134 multaque
1631 1050 1713 1114 de
1758 1052 1995 1127 virtute
2061 1051 2208 1114 eius

373 1155 784 1237 memoravit,
856 1155 1060 1237 magis
1133 1154 1200 1217 in
1266 1154 1549 1238 speciem
1610 1154 1825 1219 verbis
1889 1153 2210 1218 adornata

375 1283 565 1346 quam
609 1265 680 1323 ut
723 1259 980 1344 penitus
1028 1258 1266 1322 sentire
1315 1256 1704 1322 crederetur.
1787 1257 2207 1343 paucioribus

357 1365 658 1434 „Drusum
702 1367 769 1426 et
811 1361 1006 1425 finem
1039 1360 1282 1445 Illyrici
1325 1365 1539 1424 motus
1586 1361 1889 1444 laudavit,
1937 1360 2053 1426 sed
2100 1362 2205 1426 in-

305 1495 355 1534 10
373 1468 612 1532 tentior
673 1472 738 1530 et
797 1465 926 1528 fida
987 1465 1298 1528 oratione.
1393 1471 1749 1550 cunctaque
1809 1485 1974 1550 quae
2035 1465 2207 1530 Ger-

372 1571 683 1635 manicus,
713 1567 1104 1650 indulserat,
1151 1568 1433 1632 servavit
1479 1569 1675 1633 etiam
1719 1569 1891 1654 apud
1938 1570 2205 1635 Panno-

373 1676 552 1740 nicos
599 1673 940 1738 exercitus

507 1781 608 1842 53.
671 1777 924 1841 Eodem
970 1798 1136 1842 anno
1184 1776 1353 1840 Iulia
1397 1797 1767 1863 supremum
1802 1779 1974 1843 diem
2023 1780 2206 1863 obiit,

379 1885 460 1951 ob
506 1882 973 1969 impudicitiam
1010 1882 1163 1945 olim
1192 1903 1231 1944 a
1264 1887 1447 1967 patre
1478 1881 1777 1967 Augusto
1812 1883 2208 1947 Pandateria

374 1990 600 2072 insula,
632 2009 787 2053 mox
815 1987 1054 2073 oppido
1074 1985 1503 2081 Reginorjlm,
1526 1988 1635 2070 qui
1654 1986 1940 2052 Siculum
1962 1987 2205 2052 fretum

377 2095 706 2175 accolunt,
766 2093 999 2155 clausa.
1090 2091 1299 2155 fuerat
1360 2092 1426 2154 in
1486 2091 1895 2155 matrimonio
1957 2091 2206 2155 Tiberii

331 2198 747 2264 5florentibus
783 2194 946 2259 Graio
991 2200 1056 2258 et
1085 2194 1288 2276 Lucio
1325 2192 1709 2257 Caesaribus
1740 2200 2202 2280 spreveratque

374 2308 446 2366 ut
507 2302 830 2384 inparem3
898 2318 1020 2362 nec
1067 2297 1192 2362 alia
1235 2304 1371 2362 tam
1416 2297 1642 2361 intima
1686 2297 1947 2362 Tiberio
2009 2318 2206 2362 causa

376 2428 488 2471 cur
530 2403 837 2469 Rhodum
893 2402 1293 2467 abscederet.
1374 2402 1717 2486 imperium
1764 2400 2037 2486 adeptus
2084 2421 2201 2464 ex·
2302 2452 2309 2455 .

374 2517 618 2575 torrem
675 2508 981 2572 infamem
1043 2513 1110 2571 et
1154 2513 1303 2591 post
1365 2506 1773 2570 interfectum
1817 2506 2204 2570 Postumum

372 2614 736 2698 Agrippam
805 2611 1010 2674 omnis
1072 2612 1212 2695 spei
1280 2630 1553 2694 egenam
1626 2611 1847 2695 inopia
1909 2632 1983 2675 ac
2048 2611 2201 2676 tabe

306 2719 570 2802 1olonga
598 2714 891 2801 peremit,
927 2715 1265 2778 obscuram
1294 2716 1434 2779 fore
1464 2735 1694 2780 necem
1724 2715 2199 2800 longinquitate

377 2823 555 2889 exilii
597 2825 793 2885 ratuS.

506 2928 608 2990 54.
670 2923 856 2987 Idem
917 2943 1120 2987 annus
1195 2944 1399 2987 novas
1468 2922 1885 2987 caerimonias
1948 2924 2204 3008 accepit

377 3032 597 3098 addito
637 3028 954 3093 sodalium
981 3026 1440 3111 Augustalium
1477 3027 1861 3110 sacerdotiO,
1894 3033 1965 3091 ut
1994 3050 2200 3113 quon-

353 3139 525 3202 dam
583 3134 766 3199 Titus
827 3132 1048 3196 Tatius
1125 3130 1481 3196 retinendis
1540 3131 1925 3196 Sabinorum
2002 3134 2201 3198 sacris

377 3242 633 3307 sodales
664 3237 866 3301 Titios
910 3236 1296 3301 instituerat.
1380 3242 1552 3300 sorte
1602 3236 1777 3301 ducti
1824 3259 1858 3301 e
1905 3239 2200 3323 primori-

281 3401 284 3407 .
336 3349 497 3413 5bus
545 3342 816 3409 civitatis
861 3360 1024 3403 unus
1073 3346 1138 3403 et
1180 3341 1441 3423 viginti:
1489 3340 1783 3405 Tiberius
1816 3341 2197 3427 Drususque

2292 3480 2457 3889 i
