2467 3900
689 225 762 264 AB
791 224 1040 263 EXOESSU
1067 223 1198 262 DIVI
1224 223 1480 264 AUGUSTI
1506 224 1529 263 1
1556 224 1651 262 56-
1661 223 1723 261 58.
2029 218 2099 272 41

283 383 536 446 maniae
587 381 918 446 descivere
981 367 1283 445 sacerdos
1336 380 1511 465 apud
1568 402 1743 444 aram
1787 379 2103 444 Ubiorum

283 492 536 551 creatus
610 493 868 570 ruperat
941 486 1134 549 vittas
1158 535 1174 568 ,
1266 485 1576 570 profugus
1652 485 1732 548 ad
1806 483 2101 548 rebelles.
2126 505 2175 543 10

284 589 600 654 adductus
664 596 884 654 tamen
945 590 1010 652 in
1078 610 1257 674 spem
1328 589 1705 654 clementiae
1768 588 2102 653 Romanae

283 694 549 777 pertulit
591 694 790 778 patris
835 692 1137 757 mandata
1166 693 1573 778 benigneque
1609 699 1921 778 exceptus
1964 716 2107 757 cum

285 796 608 882 praesidio
676 796 989 861 Gallicam
1043 797 1112 860 in
1167 796 1375 882 ripam
1434 798 1666 861 missus
1730 802 1848 861 est.
1942 795 2104 861 Ger-

286 901 538 966 manico
586 901 865 985 pretium
897 901 1016 964 fuit
1049 907 1425 966 convertere
1456 922 1688 985 agmen
1720 908 2105 986 pugnatum-

287 1029 412 1092 que
457 1009 523 1071 in
571 1007 926 1071 obsidentis
957 1012 1024 1070 et
1057 1013 1315 1090 ereptus
1346 1007 1651 1088 Segestes
1697 1028 1933 1090 magna
1964 1028 2106 1071 cum
2128 1023 2178 1062 15

287 1113 794 1198 propinquorum
841 1118 906 1176 et
948 1112 1277 1191 clientium
1322 1133 1535 1176 manu,
1624 1111 1879 1176 inerant
1923 1112 2107 1176 femi-

288 1238 408 1280 nae
453 1217 735 1300 nobiles,
792 1217 959 1282 inter
1017 1238 1174 1299 quas
1219 1237 1387 1280 uxor
1430 1213 1707 1279 Arminii
1752 1215 2108 1300 eademque

287 1320 417 1383 filia
461 1321 768 1404 Segestis,
813 1320 1025 1383 mariti
1069 1321 1275 1403 magis
1308 1341 1499 1404 quam
1544 1321 1825 1404 parentis
1872 1321 2107 1404 anim0‚

289 1444 497 1509 neque
563 1425 771 1489 evicta
831 1425 898 1486 in
958 1423 1251 1488 lacrimas
1314 1444 1526 1508 neque
1588 1444 1749 1489 voce
1814 1425 2110 1508 supplex,

288 1529 661 1592 ferebantur
739 1533 804 1593 et
869 1529 1078 1612 spolia
1136 1529 1460 1594 Varianae
1527 1529 1725 1594 cladis
1786 1530 2109 1614 plerisque
2130 1548 2181 1587 20

290 1653 516 1696 eorum
563 1633 670 1716 qui
713 1637 850 1697 tum
895 1633 962 1696 in
1009 1631 1407 1697 deditionem
1444 1634 1786 1698 veniebant
1830 1632 2112 1718 praedae

292 1736 473 1800 data:
523 1736 710 1800 simul
744 1737 1048 1821 Segestes
1075 1737 1234 1822 ipse,
1282 1738 1511 1821 ingens
1540 1739 1680 1802 visu
1708 1744 1773 1802 et
1802 1739 2114 1802 memoria

288 1843 501 1906 bonae
547 1840 872 1905 societatis
917 1840 1282 1925 inpavidus,

422 1950 524 2011 58.
585 1946 806 2013 Verba
853 1946 990 2011 eius
1035 1947 1100 2011 in
1144 1950 1316 2011 hunc
1360 1945 1628 2010 modum
1670 1946 1883 2011 fuere:
1963 1966 2115 2027 ,non

289 2051 396 2115 hio
455 2051 611 2114 mihi
667 2052 910 2135 primus
970 2072 1124 2135 erga
1179 2053 1493 2137 populum
1539 2050 1906 2115 Romanum
1963 2050 2116 2114 fidei

293 2162 360 2219 et
422 2155 818 2219 constantiae
884 2155 1042 2220 dies.
1153 2176 1239 2220 ex
1304 2177 1429 2240 quo
1499 2177 1537 2218 a
1602 2155 1749 2219 divo
1814 2153 2111 2237 Augusto

292 2258 550 2323 civitate
631 2258 906 2324 donatus
969 2281 1110 2323 sum
1130 2309 1147 2342 ,
1221 2260 1460 2323 amicos
1534 2259 1954 2343 inimicosque
2033 2279 2117 2324 ex

290 2364 524 2428 vestris
587 2364 968 2428 utilitatibus
1034 2364 1284 2447 delegi,
1358 2385 1569 2447 neque
1648 2363 1795 2427 odio
1871 2363 2159 2447 patriae5

294 2467 564 2553 (quippe
633 2468 1000 2554 proditores
1058 2468 1255 2531 etiam
1335 2468 1413 2531 iis
1476 2489 1637 2552 quos
1714 2472 2118 2553 anteponunt

290 2572 548 2655 invisi),
593 2594 818 2636 verum
876 2573 1026 2657 quia
1068 2570 1383 2636 Romanis
1432 2573 1899 2656 Germanisque
1944 2573 2117 2637 idem

295 2679 658 2743 conducere
693 2686 758 2743 et
788 2700 1016 2763 pacem
1045 2699 1235 2763 quam
1266 2679 1509 2742 bellum
1540 2662 1913 2761 probabam.
1964 2698 2117 2760 ergo

294 2788 623 2868 raptorem
678 2782 882 2865 filiae,
940 2781 1321 2846 violatorem
1380 2781 1695 2861 foederis,
1758 2780 2122 2845 Arminium

295 2888 470 2973 apud
493 2887 760 2968 Varum,
795 2887 903 2969 qui
933 2892 1070 2949 tum
1111 2886 1425 2950 exercitui
1462 2884 1894 2969 praesidebat,
1939 2906 2121 2949 reum
2144 2908 2193 2945 10

297 2992 440 3056 feci.
533 2990 767 3054 dilatus
811 2990 1086 3073 segnitia
1119 2988 1316 3073 ducis,
1363 2991 1513 3075 quia
1557 3011 1786 3073 parum
1821 2989 2125 3075 praesidii

296 3096 366 3159 in
408 3096 700 3178 legibue,
747 3100 820 3158 ut
866 3116 969 3158 me
1017 3103 1082 3159 et
1127 3094 1492 3159 Arminium
1539 3100 1603 3158 et
1651 3095 1940 3159 conscios
1986 3093 2123 3157 vin-

300 3203 462 3267 ciret
503 3201 818 3285 flagitavi:
863 3201 1048 3265 testis
1077 3200 1189 3264 illa
1217 3222 1373 3282 nox,
1420 3199 1577 3264 mihi
1621 3200 1867 3263 utinam
1911 3196 2125 3282 potius

299 3306 679 3371 novissima!
715 3325 880 3389 quae
907 3311 1145 3388 secuta,
1172 3304 1398 3369 defleri
1420 3303 1624 3385 magis
1650 3324 1841 3386 quam
1867 3299 2128 3365 defendi

301 3417 602 3496 possunt:
677 3414 963 3475 ceterum
1019 3414 1085 3474 et
1140 3409 1332 3472 inieci
1402 3413 1660 3471 catenas
1711 3405 2005 3469 Arminio
2063 3411 2128 3469 et
2146 3423 2196 3462 15
