2467 3900
684 277 759 316 AB
786 277 1039 317 EXOESSU
1066 278 1196 318 DIVI
1223 278 1480 318 AUGUSTI
1507 278 1578 318 ΙΙΙ
1603 279 1771 318 30-33.
2031 275 2140 331 131
2225 268 2228 272 ¹

320 435 744 500 Tacfarinatis
794 435 1013 501 docuit
1041 437 1412 523 iudicioque
1443 444 1696 523 patrum
1730 436 2147 524 deligendum

320 561 436 625 pro
487 541 749 604 consule
796 563 1068 626 gnarum
1114 543 1406 624 militiae,
1457 564 1729 628 corpore
1760 544 2046 608 validum
2083 552 2148 610 et

318 645 491 710 bello
551 645 989 712 suffecturum.
1080 647 1256 732 quod
1300 647 1552 712 initium
1599 647 1748 712 SeX.
1794 648 2190 733 Pompeius⁵

320 747 606 833 agitandi
650 748 961 813 adversus
992 749 1282 814 Marcum
1317 750 1641 835 Lepidum
1681 750 1813 814 odii
1855 757 2145 833 nanctus,

318 858 390 916 ut
447 853 822 933 socordem,
888 855 1153 939 inopem
1211 860 1279 920 et
1341 855 1692 919 maioribus
1753 854 2144 920 dedecorum

320 978 527 1043 eoque
576 959 774 1023 etiam
819 956 1016 1024 Asiae
1077 964 1254 1024 sorte
1305 958 1765 1043 depellendum
1809 959 2144 1041 incusavit,

319 1062 593 1126 adverso
642 1068 890 1143 senatU,
939 1063 1045 1146 qui
1075 1061 1401 1146 Lepidum
1445 1062 1669 1126 mitem
1711 1063 1916 1146 magis
1956 1085 2144 1148 quam

316 1166 621 1249 ignavum
640 1217 657 1248 ,
717 1172 1018 1252 paternas
1062 1168 1390 1252 angustias
1437 1174 1503 1232 et
1546 1167 1952 1231 nobilitatem
2006 1167 2143 1232 sine
2164 1183 2214 1222 1⁰

318 1271 556 1356 probro
602 1277 810 1334 actam
856 1272 1087 1336 honori
1136 1293 1327 1356 quam
1357 1271 1749 1356 ignominiae
1780 1271 2145 1337 habendam

323 1373 618 1438 ducebat.
708 1375 906 1458 igitur
961 1365 1193 1440 missus
1256 1377 1324 1439 in
1367 1376 1594 1440 Asiam
1653 1381 1720 1439 et
1786 1375 1866 1440 de
1925 1374 2145 1440 Africa

323 1476 655 1541 decretum
699 1484 773 1541 ut
812 1478 1051 1543 Caesar
1093 1481 1348 1564 legeret
1396 1481 1498 1545 cui
1545 1479 1912 1544 mandanda
1955 1481 2145 1544 foret.

452 1583 555 1645 33.
620 1581 801 1646 Inter
859 1604 1022 1668 quae
1082 1585 1359 1650 Severus
1418 1584 1698 1649 Caecina
1757 1585 2005 1650 censuit
2060 1607 2143 1649 ne

323 1707 514 1770 quem
544 1687 1009 1771 magistratum,
1050 1689 1154 1753 cui
1185 1689 1518 1774 provincia
1550 1688 1938 1771 obvenisset,
1975 1710 2144 1752 uxor

322 1791 757 1874 comitaretur,
804 1794 1079 1857 multum
1111 1799 1260 1857 ante
1290 1793 1569 1879 repetito
1605 1792 1994 1858 concordem
2024 1793 2145 1856 sibi

322 1897 685 1981 coniugem,
722 1919 922 1983 seque
964 1919 1127 1984 quae
1156 1899 1224 1964 in
1260 1898 1588 1984 publicum
1622 1903 1936 1963 statueret
1967 1897 2144 1963 domi

248 2072 253 2077 ,
322 2002 679 2067 servavisse
728 2004 1011 2067 cohibita
1055 2004 1225 2068 intra
1256 2004 1534 2086 Italiam,
1583 2026 1969 2090 quamquam
2005 2005 2186 2088 ipses

321 2106 521 2189 pluris
581 2126 700 2190 per
761 2107 1125 2191 provincias
1184 2108 1608 2193 quadraginta
1668 2106 1989 2193 stipendia
2035 2106 2150 2171 ex-'

322 2210 651 2293 plevisset.
739 2211 915 2275 haud
977 2212 1148 2276 enim
1208 2212 1446 2275 frustra
1495 2212 1806 2296 placitum
1864 2211 2020 2274 olim
2063 2232 2145 2275 ne

322 2312 599 2377 feminae
628 2314 696 2376 in
728 2316 937 2379 socios
970 2321 1081 2378 aut
1115 2322 1344 2400 gentes
1374 2324 1680 2380 externas
1706 2316 2146 2381 traherentur:

323 2416 553 2497 inesse,
606 2418 952 2483 mulierum
1028 2403 1398 2484 comitatui
1437 2440 1600 2505 quae
1673 2440 1901 2504 pacem
1967 2419 2145 2501 Imm,

322 2519 568 2615 bellum
614 2520 954 2587 formidine
1004 2531 1340 2589 morentur
1385 2531 1452 2588 et
1495 2523 1868 2589 Romanum
1911 2545 2148 2608 agmen
2168 2547 2217 2585 ιο

324 2622 410 2685 ad
438 2624 923 2713 similitudinem
954 2626 1209 2690 barbari
1239 2627 1528 2692 incessus
1561 2632 1962 2692 convertant.
2013 2649 2146 2692 non

323 2728 694 2793 inbecillum
752 2735 1001 2795 tantum
1061 2739 1127 2796 et
1183 2732 1477 2817 inparem
1523 2732 1852 2797 laboribus
1897 2755 2147 2816 sexum,

324 2833 441 2897 sed
486 2835 540 2898 si
584 2836 845 2900 licentia
880 2836 1078 2920 adsit,
1126 2858 1421 2922 saevum,
1469 2838 1914 2918 ambitiosum,
1960 2844 2145 2924 pote-

324 2938 505 3001 statis
551 2939 841 3023 avidum3
897 2941 1202 3006 incedere
1249 2943 1418 3007 inter
1462 2942 1732 3023 milites,
1778 2942 2024 3007 habere.
2064 2940 2148 3005 ad

321 3064 586 3108 manum
638 3044 1080 3128 centuriones3
1139 3044 1546 3130 praesedisse
1590 3067 1799 3131 nuper
1842 3046 2216 3109 seminamus

325 3149 635 3213 exercitio
670 3151 1051 3233 cohortium,
1089 3149 1364 3215 decursu
1389 3151 1744 3235 legionum.
1787 3148 2147 3232 cogitarent

322 3250 446 3336 ipsi
510 3253 809 3336 quotiens
870 3254 1376 3339 repetundarum
1438 3254 1636 3340 aliqui
1702 3258 2144 3337 arguerentur,

322 3356 508 3439 plura
551 3357 864 3421 uxoribus
910 3358 1252 3440 obiectari3
1298 3359 1398 3423 his
1431 3360 1644 3423 statim
1681 3358 2144 3428 adhaerescere

325 3457 739 3524 deterrimum
796 3482 1119 3547 quemque
1174 3462 1696 3546 provincialium,
1759 3460 1840 3524 ab
1885 3460 1984 3524 his
2028 3482 2142 3526 ne-
