2467 3900
425 201 535 260 166
1081 201 1360 242 CORNELII
1385 201 1581 242 TAoI'rI

422 367 719 452 dempsit.
810 364 1163 430 memoriae
1207 362 1405 428 Drusi
1465 363 1693 428 eadem
1752 383 1916 448 quae
1966 365 2034 427 in
2081 361 2245 427 Ger-

418 473 739 537 manicum
786 469 1221 534 decernuntur
1266 468 1592 554 plerisque
1639 467 1894 550 additis,
1940 473 2011 530 ut
2041 467 2245 532 ferme

417 583 589 638 amat
633 573 955 658 posterior
999 571 1310 636 adulatio,
1383 571 1572 636 funus
1618 572 1970 654 imaginum
1993 592 2246 656 ,pompa

349 696 400 734 10
418 679 696 744 maxime
738 677 1006 742 inlustre
1053 677 1193 757 fuit,
1241 697 1388 741 cum
1419 677 1599 761 origo
1632 675 1838 742 Iuliae
1869 677 2080 762 gentis
2110 674 2244 740 Ae-

415 803 569 848 neas
612 801 965 866 omnesque
995 779 1400 846 Albanorum
1430 802 1619 866 reges
1651 786 1718 846 et
1747 781 2042 845 conditor
2070 779 2246 843 urbis

414 886 767 969 Romulus,
828 889 977 970 post
1032 884 1273 950 Sabina
1328 885 1660 969 nobilitas,
1720 884 1916 950 Attus
1972 885 2246 950 Clausus

416 997 797 1073 ceteraeque
833 989 1252 1054 Claudiorum
1295 989 1543 1073 effigies
1574 990 1772 1072 longo
1805 989 2028 1054 ordine
2061 1009 2243 1073 spec-

416 1100 721 1159 tarentur.
912 1109 915 1114 ·
1088 1180 1092 1184 Α

550 1200 649 1262 10.
711 1198 790 1262 In
846 1197 1165 1262 tradenda
1220 1205 1430 1262 morte
1475 1197 1701 1260 Drusi.
1733 1217 1896 1281 quae
1953 1194 2242 1280 plurimis

414 1305 864 1388 maximaeque
908 1301 1062 1367 fidei
1106 1303 1474 1366 auctoribus
1521 1307 1877 1366 memorata
1919 1305 2069 1364 sunt
2112 1306 2242 1364 ret-

412 1406 561 1488 tuli3
622 1412 723 1472 set
775 1427 905 1470 non
955 1406 1278 1472 omiserim
1323 1404 1678 1471 eorundem
1723 1410 2092 1489 temporum
2133 1423 2240 1466 ru-

414 1533 661 1576 morem
704 1510 992 1576 validum
1036 1510 1203 1576 adeo
1249 1517 1322 1574 ut
1350 1508 1642 1573 nondum
1673 1509 2024 1580 exolescat.
2101 1528 2240 1571 cor-

373 1621 605 1700 arupta
670 1614 754 1679 ad
808 1615 1029 1679 scelus
1092 1613 1280 1678 Livia
1339 1613 1645 1678 Seianum
1707 1611 1922 1694 Lygdi
1987 1631 2242 1695 quoque

414 1718 696 1785 animum
739 1717 1045 1800 vinxisse,
1090 1716 1267 1803 quod
1311 1722 1525 1782 aetate
1571 1723 1764 1801 atque
1808 1715 2012 1778 forma
2047 1736 2242 1784 ‚carus

416 1822 676 1886 domino
722 1821 1018 1906 interque
1065 1822 1376 1907 primores
1420 1820 1746 1884 ministros
1791 1825 1954 1901 erat3
2005 1818 2244 1884 deinde

415 1927 583 1993 inter
626 1926 917 1992 conscios
962 1927 1075 1990 ubi
1118 1926 1302 1991 locus
1343 1923 1636 1991 veneficii
1676 1931 2058 2010 tempusque
2090 1943 2242 1988 con-

416 2031 627 2115 posita
672 2031 830 2111 sint,
890 2050 969 2109 eo
1016 2028 1326 2094 audaciae
1372 2034 1784 2113 provectum,
1843 2033 1915 2091 ut
1957 2016 2246 2092 verteret

344 2155 396 2194 ιο
415 2143 482 2199 et
540 2135 789 2199 occulto
843 2133 1080 2197 indicio
1126 2133 1410 2197 Drusum
1455 2132 1688 2197 veneni
1733 2132 1799 2195 in
1843 2137 2094 2217 patrem
2139 2152 2242 2196 ar-

411 2256 619 2321 guens
649 2244 944 2302 moneret
970 2238 1324 2317 Tiberium,
1354 2237 1686 2301 vitandam
1714 2236 2047 2323 potionem
2077 2257 2244 2321 quae

412 2342 619 2426 prima
661 2347 819 2427 aput
852 2341 1052 2406 filium
1086 2341 1373 2426 epulanti
1407 2341 1768 2407 offerretur.
1832 2341 2058 2407 fraude
2091 2363 2245 2427 cap-

410 2451 549 2509 tum
580 2466 821 2528 senem,
848 2454 1189 2531 postquam
1218 2447 1584 2512 convivium
1611 2447 1862 2530 inierat,
1894 2454 2246 2533 exceptum

414 2549 716 2633 poculum
760 2549 977 2614 Druso
1035 2551 1408 2633 tradidisse3
1472 2558 1666 2637 atque
1727 2552 1840 2619 illo
1898 2552 2121 2636 ignaro
2177 2559 2248 2617 et

343 2683 394 2722 15
412 2654 777 2718 iuveniliter
798 2655 1133 2722 hauriente
1156 2662 1412 2721 auctam
1435 2656 1885 2742 suspicionem,
1915 2664 2246 2742 tamquam

412 2764 590 2822 metu
646 2764 711 2823 et
762 2759 1013 2844 pudore
1058 2759 1317 2825 sibimet
1360 2760 1690 2845 inrogaret
1733 2768 2008 2825 mortem
2053 2781 2247 2845 quam

419 2863 586 2947 patri
631 2868 979 2930 struxerat.

550 2970 648 3031 11.
708 2968 893 3032 Haec
943 2968 1141 3052 vulgo
1191 2966 1444 3051 iactata,
1492 2988 1686 3052 super
1728 2966 1798 3031 id
1842 2966 2018 3051 quod
2062 2966 2242 3031 nullo

414 3075 675 3133 auctore
710 3074 885 3133 certo
918 3069 1269 3151 firmantur,
1302 3076 1600 3156 prompte
1631 3070 2034 3135 refutaverim
2099 3071 2246 3155 quis

414 3175 587 3237 enim
640 3172 951 3239 mediocri
997 3173 1368 3258 prudentia,
1423 3172 1664 3239 nedum
1709 3173 2002 3238 Tiberius
2047 3172 2244 3237 tantis

414 3276 605 3340 rebus
668 3277 992 3341 exercitus
1010 3326 1029 3359 ,
1091 3277 1378 3343 inaudito
1442 3279 1574 3344 filio
1645 3278 1914 3343 exitium
1981 3277 2248 3357 offerret

372 3378 611 3463 aidque
676 3400 791 3443 sua
849 3370 1044 3446 manu
1108 3390 1174 3446 et
1235 3383 1409 3447 nullo
1475 3382 1559 3447 ad
1620 3382 2080 3469 paenitendum
2138 3402 2246 3447 re-
