2467 3900
352 234 464 290 124
1003 239 1280 279 CORNELII
1305 238 1500 278 'mem

282 420 332 459 10
352 401 490 467 cina
537 401 815 465 Severus
862 420 1037 465 aram
1084 397 1492 463 statuendam
1540 396 1970 476 censuissent,
2016 416 2166 479 pro-

348 506 559 570 hibuit
625 510 925 570 externas
989 503 1288 569 victorias
1351 501 1586 567 sacrari
1651 501 1981 582 dictitans,
2050 499 2167 562 do-

350 611 619 676 mestica
663 609 832 674 mala
874 608 1133 673 tristitia
1179 605 1551 692 operienda.
1625 602 1964 668 addiderat
1999 601 2170 666 Mes-

350 715 589 779 salinus
618 711 877 777 Tiberio
916 719 982 776 et
1010 711 1349 796 Augustae
1383 715 1448 775 et
1478 707 1801 773 Antoniae
1835 713 1900 771 et
1929 705 2168 792 Agrip-

351 818 539 904 pinae
584 817 931 900 Drusoque
994 816 1074 879 ob
1132 815 1483 880 vindictam
1533 810 1900 879 Germanici
1957 818 2174 894 grates

283 939 333 978 15
352 920 637 1006 agendas
671 922 1099 1004 omiseratque
1134 917 1390 984 Claudii
1422 916 1836 981 mentionem.
1902 921 1968 980 et
1997 916 2170 981 Mes-

353 1026 624 1091 salinum
686 1024 945 1109 quidem
990 1023 1065 1088 L.
1111 1021 1445 1108 Asprenas
1491 1027 1716 1086 senatu
1764 1041 1981 1086 coram
2024 1041 2172 1104 per-

353 1136 647 1196 contatus
712 1134 809 1192 est
870 1148 953 1193 an
1028 1126 1315 1212 prudens
1377 1125 1824 1210 praeterisset:
1900 1146 1974 1188 ac
2035 1131 2174 1189 tum

356 1235 617 1298 demum
658 1254 897 1298 nomen
930 1231 1187 1296 Claudii
1230 1231 1642 1315 adscriptum.
1707 1230 1886 1312 mihi,
1935 1236 2170 1315 quanto

353 1339 539 1423 plura
567 1337 927 1402 recentium
960 1358 1078 1400 seu
1108 1342 1402 1401 veterum
1433 1336 1720 1419 revolv0,
1751 1341 1934 1399 tanto
1967 1337 2172 1421 magis

286 1441 629 1506 2oludibria
672 1461 889 1504 rerum
931 1441 1301 1505 mortalium
1346 1440 1590 1506 cunctis
1635 1441 1703 1504 in
1740 1441 2022 1526 negotiis
2061 1443 2173 1507 ob-

356 1550 707 1612 versantur.
795 1545 1032 1629 quippe
1090 1543 1264 1608 fama
1320 1565 1435 1629 spe
1494 1544 1913 1610 veneratione
1959 1544 2174 1631 potius

359 1669 581 1712 omnes
613 1647 1098 1712 destinabantur
1127 1647 1397 1731 imperio
1447 1669 1637 1732 quam
1667 1669 1860 1732 quem
1889 1647 2174 1714 futurum

356 1752 713 1838 principem
754 1751 1012 1816 fortuna
1065 1752 1132 1816 in
1180 1753 1432 1816 occulto
1479 1753 1762 1817 tenebat.

348 1865 351 1868 ’
490 1857 590 1920 19.
648 1855 879 1919 Paucis
924 1860 1073 1939 post
1120 1854 1348 1919 diebus
1382 1854 1620 1920 Caesar
1661 1861 1886 1921 auctor
1928 1859 2178 1924 senatui

355 1960 625 2025 Vitellio
668 1966 860 2043 atque
890 1958 1176 2024 Veranio
1224 1965 1291 2023 et
1329 1958 1610 2025 Servaeo
1659 1962 2023 2027 sacerdotia
2065 1965 2177 2028 tri-

355 2064 629 2131 buendi:
676 2062 971 2127 Fulcinio
1006 2063 1383 2146 suffragium
1417 2064 1500 2128 ad
1541 2066 1824 2130 honores
1854 2066 2180 2151 pollicitus

358 2168 609 2233 monuit
664 2188 747 2231 ne
791 2166 1157 2230 facundiam
1202 2167 1508 2234 violentia
1565 2171 2037 2256 praecipitaret.
2125 2174 2180 2237 is

318 2274 501 2337 5finis
556 2272 626 2337 in
672 2272 1044 2336 ulciscenda
1091 2274 1457 2338 Germanici
1502 2280 1744 2357 morte,
1803 2297 1937 2340 non
1980 2277 2176 2341 modo

362 2376 533 2463 apud
577 2375 724 2440 illos
769 2378 1066 2441 homines
1113 2377 1222 2462 qui
1268 2384 1405 2442 tum
1449 2382 1762 2463 agebant,
1824 2382 2020 2446 etiam
2077 2404 2178 2447 se-

364 2480 525 2545 cutis
569 2479 967 2565 temporibus
1011 2481 1190 2544 vario
1237 2503 1496 2546 rumore
1531 2482 1788 2548 iactata.
1850 2483 2014 2549 adeo
2047 2507 2181 2550 ma-

360 2586 539 2649 xima
598 2604 889 2669 quaeque
948 2585 1250 2670 ambigua
1297 2592 1472 2669 sunt,
1538 2587 1693 2652 dum
1751 2588 1860 2652 alii
1922 2610 2179 2674 quoquo

362 2689 557 2754 modo
605 2689 823 2753 audita
866 2710 985 2773 pro
1034 2690 1360 2775 conpertis
1403 2690 1676 2772 habent,
1737 2692 1847 2755 alii
1903 2713 2058 2756 vera
2115 2694 2182 2759 in

295 2819 345 2858 10
364 2795 750 2859 contrarium
795 2798 1057 2858 vertunt
1119 2801 1185 2858 et
1244 2794 1454 2877 gliscit
1512 2800 1858 2879 utrumque
1905 2798 2181 2880 posteri-

364 2905 518 2963 tate.
606 2904 675 2961 at
734 2898 986 2962 Drusus
1048 2898 1208 2961 urbe
1273 2920 1573 2982 egressus
1635 2898 2006 2983 repetendis
2068 2921 2180 2964 au·

364 3001 579 3088 spiciis
635 3023 790 3065 mox
838 3023 1035 3068 ovans
1080 3002 1346 3068 introiit.
1435 3024 1804 3089 paucosque
1850 3009 1999 3089 post
2043 3004 2182 3068 dies

364 3106 678 3192 Vipsania
704 3114 909 3171 mater
948 3106 1085 3171 eius
1117 3108 1418 3187 excessit,
1466 3128 1596 3171 una
1626 3108 1913 3171 omnium
1942 3106 2179 3192 Agrip·

366 3232 490 3296 pae
553 3211 905 3275 liberorum
971 3209 1111 3273 miti
1177 3210 1379 3275 obitu.
1466 3231 1615 3274 nam
1670 3215 1920 3274 ceteros
1977 3210 2181 3273 mani-

298 3343 349 3382 15
366 3314 605 3378 festum
658 3313 828 3378 ferro
888 3313 994 3378 vel
1055 3314 1370 3377 creditum
1417 3319 1515 3379 est
1559 3334 1810 3379 veneno
1859 3321 1971 3379 aut
2013 3315 2184 3380 fame

370 3417 707 3481 extinctos.
