2467 3900
385 197 462 263 28
1049 213 1325 253 CORNELII
1352 209 1547 251 'rAcrrr

317 395 504 440 10seu
546 372 707 438 nihil
754 373 938 437 militi
981 375 1117 438 sive
1166 375 1383 438 omnia
1430 374 1957 459 concederentur,
2002 375 2067 441 in
2100 399 2225 443 an-

391 478 567 562 cipiti
597 499 700 542 res
731 477 1006 563 publica.
1065 478 1262 562 igitur
1292 479 1598 544 volutatis
1628 480 1981 544 rationibus
2016 482 2226 566 placi-

392 588 526 645 tum
578 589 650 647 ut
698 583 1012 665 epistulae
1064 582 1326 647 nomine
1394 584 1700 667 principis
1746 585 2223 652 scriberentur:

395 687 761 752 missionem
798 686 932 750 dari
960 686 1185 750 vicena
1230 687 1553 771 stipendia
1592 689 1857 772 meritis,
1906 698 2223 755 exaucto-

393 791 518 855 rari
550 791 659 875 qui
705 811 860 854 sena
891 790 1058 855 dena
1085 791 1387 857 fecissent
1419 813 1493 857 ac
1530 794 1792 858 retineri
1821 796 1938 860 sub
1970 797 2223 860 vexillo

327 920 377 958 15
396 902 758 958 ceterorum
803 895 1099 959 inmunes
1129 897 1255 959 nisi
1295 897 1713 981 propulsandi
1742 900 1968 983 hostis,
1999 901 2234 984 legata.

395 1021 558 1084 quae
605 1001 966 1085 petiverant
1013 1000 1264 1064 exsolvi
1311 1001 1773 1087 duplicarique.

526 1105 628 1180 37.
694 1105 908 1169 Sensit
950 1105 1136 1169 miles
1168 1105 1233 1168 in
1280 1111 1535 1189 tempus
1560 1105 1839 1171 ‘conficta
1870 1109 2229 1194 statimque*-

394 1209 725 1293 flagitavit.
802 1208 1020 1274 missio
1053 1230 1171 1293 per
1200 1209 1493 1272 tribunos
1534 1217 1906 1295 maturatur,
1952 1212 2219 1296 largitio

399 1313 814 1378 differebatur
856 1313 924 1376 in
969 1312 1241 1378 hiberna
1272 1314 1599 1398 cuiusque.
1678 1338 1812 1380 non
1841 1317 2225 1384 abscessere

400 1419 685 1500 quintani
757 1419 1493 1503 unetvicensimanique‚
1571 1421 1780 1486 donec
1862 1421 2071 1487 isdem
2149 1423 2223 1487 in

355 1521 656 1586 saestivis
703 1527 1029 1587 contracta
1074 1544 1157 1586 ex
1201 1523 1437 1588 viatico
1484 1523 1837 1589 amicorum
1886 1526 2225 1612 ipsiusque

403 1624 696 1690 Caesaris
727 1627 1000 1710 pecunia
1029 1627 1528 1712 persolveretur.
1590 1629 1861 1713 primam
1892 1652 1966 1694 ac
1996 1631 2224 1695 vicen*

401 1729 627 1792 simam
657 1729 946 1812 legiones
973 1729 1251 1795 Caecina
1280 1731 1532 1815 legatus
1561 1733 1627 1797 in
1658 1734 1985 1800 civitatem
2014 1735 2226 1801 Ubio-

399 1854 540 1898 rum
585 1833 862 1917 reduxit,
907 1833 1077 1919 turpi
1123 1836 1408 1918 agmine,
1456 1857 1601 1900 cum
1644 1835 1780 1900 fisci
1820 1839 1990 1903 inter
2033 1839 2221 1923 signa

399 1939 808 2004 veherentur.
900 1938 1321 2005 Germanicus
1384 1939 1782 2025 superiorem
1836 1942 1919 2007 ad
1965 1944 2223 2008 exerci-

331 2068 381 2108 ιο
400 2050 536 2109 tum
579 2044 907 2129 profectus
963 2042 1311 2107 secundam
1357 2049 1423 2107 et
1466 2044 1721 2109 tertiam
1767 2046 2104 2112 decumam
2152 2054 2227 2112 et

401 2155 650 2212 sextam
697 2148 1034 2211 decumam
1086 2147 1379 2231 legiones
1422 2148 1582 2212 nihil
1628 2156 1954 2215 cunctatas
2005 2172 2219 2215 sacra-

402 2257 620 2316 mento
691 2251 911 2335 adigit.
1017 2250 1579 2334 quartadecumani
1648 2254 1909 2337 paulum
1964 2254 2223 2319 dubita-

400 2362 661 2420 verant:
725 2354 998 2440 pecunia
1038 2362 1103 2419 et
1147 2355 1367 2419 missio
1416 2356 1704 2439 quamvis
1748 2377 1878 2421 non
1921 2356 2223 2441 flagitan-

401 2460 571 2523 tibus
618 2459 851 2524 oblata.

535 2566 637 2629 38.
683 2563 768 2628 Et
796 2565 864 2628 in
891 2563 1164 2628 Chaucis
1198 2569 1583 2650 coeptavere
1616 2565 1999 2630 seditionem
2030 2588 2225 2650 prae-

403 2667 638 2734 si'dium
683 2668 1000 2751 agitantes
1043 2669 1366 2734 vexillarii
1412 2668 1806 2733 discordium
1851 2670 2220 2755 legionum:

402 2773 726 2858 praesenti
784 2772 1053 2837 duorum
1114 2774 1389 2837 militum
1448 2774 1762 2859 supplicio
1810 2776 2073 2859 paulum
2117 2796 2227 2839 re-

402 2878 608 2961 pressi
671 2884 836 2942 sunt.
929 2879 1199 2942 iusserat
1262 2879 1327 2942 id
1374 2878 1483 2944 Μ’.
1557 2880 1801 2943 Ennius
1867 2886 2219 2944 castrorum

360 2982 796 3067 spraefectuS,
850 2982 1022 3047 bono
1069 2984 1275 3067 magis
1323 2983 1624 3068 exemplo
1672 3005 1862 3068 quam
1910 3004 2222 3048 concesso

403 3088 564 3151 iure.
656 3086 890 3152 deinde
935 3088 1403 3153 intumescente
1449 3095 1628 3152 motu
1657 3088 1967 3173 profugus
1998 3108 2223 3173 reper-

403 3196 655 3275 tusque,
701 3196 1040 3276 postquam
1085 3191 1329 3257 intutae
1361 3192 1669 3276 latebrae,
1715 3191 2105 3277 praesidium
2139 3191 2227 3255 ab

403 3294 670 3359 audacia
729 3299 1086 3359 mutuatur:
1153 3319 1284 3361 non
1343 3298 1737 3383 praefectum
1794 3296 1873 3361 ab
1932 3298 2041 3380 iis,
2102 3298 2217 3361 sed

406 3399 859 3464 Germanicum
906 3399 1162 3485 ducem,
1229 3402 1345 3465 sed
1390 3402 1720 3467 Tiberium
1764 3404 2223 3487 imperatorem
