2467 3900
645 233 720 273 AB
748 233 998 274 EXOESSU
1025 234 1156 272 DIVI
1181 233 1437 274 AUGUSTI
1462 234 1486 272 1
1514 232 1681 272 15—1‘1.
1988 229 2059 284 15

375 393 472 454 17.
537 391 873 478 Postremo
922 393 1239 476 promptis
1293 393 1421 455 iam
1474 397 1539 454 et
1602 392 1741 456 aliis
1792 391 2057 457 seditio-

231 497 334 559 nis
394 482 720 572 ministris]
755 496 935 559 velut
997 495 1555 560 contionabundus
1602 494 2059 580 interrogabat,

232 621 349 664 cur
391 600 610 684 paucis
657 599 1166 680 centurionibuS‚
1226 599 1646 683 paucioribus
1678 599 1947 664 tribunis
1994 601 2060 666 in

231 705 498 769 modum
553 725 896 770 servorum
961 703 1361 769 oboedirent.
1467 703 1725 788 quando
1793 725 2059 769 ausuros

232 829 594 894 exposcere
669 807 994 889 remedia,
1069 808 1193 871 nisi
1271 828 1511 873 novum
1587 814 1653 872 et
1727 813 2102 873 nutantem5

231 913 590 999 principem
635 913 934 998 precibus
981 911 1087 976 vel
1132 912 1327 976 armis
1373 911 1675 990 adirent?
1744 912 1899 1000 satis
1944 933 2059 998 per

229 1025 332 1084 tot
391 1039 590 1084 annos
652 1018 912 1100 ignavia
972 1024 1349 1101 peccatum,
1414 1017 1588 1100 quod
1646 1017 1893 1095 tricena
1950 1021 2060 1080 aut

229 1123 646 1208 quadragena
689 1121 1010 1207 stipendia
1065 1143 1253 1187 senes
1300 1127 1367 1186 et
1423 1121 1715 1205 plerique
1761 1125 2056 1184 truncato

231 1247 503 1311 corpore
593 1227 891 1291 tolerent.
1010 1247 1092 1290 ne
1177 1225 1454 1289 dimissis
1530 1224 1791 1308 quidem
1862 1224 2054 1287 finem

228 1352 374 1396 esse
422 1329 725 1411 militiae,
788 1331 904 1394 sed
951 1329 1124 1414 apud
1181 1329 1493 1394 vexillum
1538 1328 1881 1394 tendentes
1926 1329 2053 1393 alio
2078 1353 2127 1394 10

227 1433 547 1498 vocabulo
613 1433 883 1498 eosdem
944 1433 1200 1497 labores
1261 1433 1569 1518 perferre.
1660 1455 1735 1498 ac
1797 1433 1850 1498 si
1916 1434 2057 1519 quis

229 1542 331 1603 tot
388 1535 570 1603 casus
631 1541 1070 1624 superaverit,
1130 1539 1297 1604 trahi
1362 1540 1647 1604 diversas
1704 1541 1767 1604 in
1797 1603 1801 1608 ,
1831 1546 2056 1621 terrae,

226 1642 343 1706 ubi
405 1661 521 1727 per
593 1662 833 1707 nomen
893 1665 1194 1726 agrorum
1256 1643 1555 1726 uligines..
1592 1643 1899 1728 paludum
1950 1645 2058 1708 vel

226 1747 472 1811 inculta
535 1747 850 1812 montium
920 1748 1257 1832 accipiant.
1362 1749 1691 1813 enimvero
1763 1747 2055 1811 militiam

225 1850 435 1935 ipsam
486 1870 752 1932 gravem
796 1849 1285 1915 infructuosam:
1335 1849 1519 1913 denis
1562 1851 1629 1914 in
1676 1851 1846 1916 diem
1898 1852 2124 1918 assi-15

225 1955 349 2018 bus
421 1954 698 2017 animam
748 1959 815 2018 et
849 1975 1105 2039 ‘corpus
1161 1954 1523 2038 aestimari:
1597 1955 1747 2023 hinc
1806 1962 2054 2021 vestem

226 2080 407 2123 arma
481 2058 796 2140 tentoria,
869 2056 1017 2122 hinc
1099 2057 1430 2122 saevitiam
1495 2058 1940 2141 centurionum
1990 2066 2056 2122 et

226 2162 599 2227 vacationes
643 2181 983 2227 munerum
1027 2160 1278 2245 redimi.
1365 2168 1435 2225 at
1482 2161 1745 2230 hercule
1785 2162 2056 2227 verbera

225 2273 297 2333 et
347 2268 649 2349 vulnera,
703 2266 929 2330 duram
993 2266 1307 2348 hiemem,
1377 2266 1696 2329 exercitas
1756 2272 2057 2347 aestates,

225 2372 476 2437 bellum
548 2376 736 2435 atrox
811 2376 944 2455 aut·
980 2370 1269 2435 sterilem
1343 2390 1566 2454 pacem
1641 2371 2053 2454 sempiterna.
2074 2397 2125 2437 20

212 2464 352 2541 >nec
397 2476 572 2539 aliud
602 2477 1037 2541 levamentum
1071 2496 1261 2559 quam
1307 2476 1360 2537 si
1394 2474 1583 2539 certis
1611 2474 1863 2559 legibus
1892 2474 2057 2539 mili-

227 2581 321 2645 tia
350 2580 634 2663 iniretur,
679 2585 752 2642 ut
782 2580 1068 2662 singulos
1102 2577 1401 2643 denarios
1432 2583 1788 2661 mererent,
1833 2585 2056 2643 sextus

231 2684 545 2749 decumus
577 2682 884 2768 stipendii
929 2703 1131 2746 annus
1173 2682 1371 2746 finem
1412 2683 1714 2767 adferret,
1760 2704 1842 2748 ne
1889 2684 2059 2748 ultra

227 2788 490 2853 vexillis
551 2793 962 2869 tenerentur,
1025 2793 1126 2865 set
1189 2786 1394 2851 isdem
1456 2788 1523 2851 in
1590 2788 1813 2852 castris
1874 2809 2057 2872 prae-

230 2894 431 2958 mium
461 2894 736 2977 pecunia
769 2894 1147 2958 solveretur.
1232 2913 1313 2957 an
1345 2892 1702 2976 praetorias
1734 2892 2055 2974 cohorteS,
2074 2921 2124 2959 25

229 3018 399 3083 quae
445 2997 631 3063 binos
679 2995 979 3061 denarios
1025 2996 1409 3080 acceperint,
1472 3016 1634 3080 quae
1683 3002 1829 3081 post
1873 2996 2057 3061 sede-

232 3102 357 3179 cim
407 3121 608 3164 annos
653 3100 995 3184 penatibus
1042 3099 1172 3163 suis
1202 3097 1574 3180 reddantur,
1622 3101 1765 3184 plus
1805 3100 2055 3185 pericu-

229 3208 442 3273 lorum
491 3205 860 3289 suscipere?
925 3225 1057 3268 non
1103 3204 1465 3273 ¹obtrectari
1526 3205 1801 3269 urbanas
1862 3226 2055 3269 excu-

195 3308 404 3384 'biasz
475 3308 594 3372 sibi
640 3312 858 3383 tamen
903 3306 1076 3392 apud
1119 3307 1413 3380 horridas
1460 3314 1688 3390 gentes
1753 3329 1787 3371 e
1836 3313 2058 3384 contu-

229 3412 474 3477 berniis
519 3414 775 3477 hostem
823 3412 1042 3496 aspici.
1177 3433 1180 3442 ·
1241 3464 1245 3468 .
2074 3438 2125 3477 30
