2467 3900
346 250 460 304 214
1005 250 1284 290 CORNELII
1310 249 1504 289 'mom

348 410 752 478 occasionem
783 407 1029 493 gratiae
1048 405 1441 489 trahuntur),
1470 413 1541 470 ut
1570 405 1920 470 referretur
1942 410 2167 489 postu-

344 516 582 598 lavere,
629 512 1112 598 promptissimo
1153 510 1349 575 Cotta
1378 510 1726 576 Messalino
1776 531 1929 574 cum.
1962 509 2171 573 atroci

347 618 687 685 sententia.
777 617 893 681 sed
950 616 1090 681 aliis
1148 638 1186 680 a
1231 615 1619 701 primoribus
1676 615 2084 698 maximeque
2132 634 2173 677 a

347 721 822 806 magistratibus
878 720 1353 806 trepidabatur:
1414 721 1651 806 quippe
1697 720 1989 784 Tiberius
2048 718 2173 784 etsi

279 854 331 892 20
347 827 596 892 infense
641 827 933 890 invectus
979 832 1196 891 cetera
1240 826 1543 911 ambigua
1584 823 1952 910 reliquerat.

479 930 540 994 4.
603 929 756 994 Fuit
783 929 848 993 in
875 936 1103 995 senatu
1131 929 1358 995 Iunius
1386 929 1691 994 Rusticus
1730 927 2174 1014 conponendis

349 1040 602 1120 patrum
627 1033 785 1097 actis
813 1032 1102 1098 delectus
1124 1054 1164 1096 a
1188 1033 1465 1098 Caesare
1487 1054 1695 1118 eoque
1718 1032 2175 1098 meditationes

349 1138 771 1223 introspicere
819 1137 1119 1202 creditus.
1181 1137 1237 1200 is
1270 1137 1447 1202 fatali
1492 1136 1771 1223 quodam
1800 1142 1984 1200 motu
2030 1133 2171 1215 (ne-

353 1265 475 1328 que
523 1243 694 1308 enim
739 1248 886 1306 ante
933 1242 1261 1325 specimen
1298 1241 1695 1306 constantiae
1728 1237 2025 1320 dederat)
2056 1260 2179 1303 seu

255 1361 332 1432 [5
351 1369 552 1433 prava
595 1346 903 1429 sollertia,
951 1345 1104 1409 dum
1147 1345 1621 1410 imminentium
1666 1345 1903 1410 oblitus
1932 1344 2179 1408 incerta

353 1457 580 1538 pavet,
637 1450 922 1514 inserere
983 1470 1051 1514 se
1108 1448 1545 1514 dubitantibus
1590 1471 1665 1513 ac
1708 1467 1974 1512 monere
2021 1467 2177 1512 con-

356 1556 528 1620 sules
559 1575 639 1619 ne
671 1554 1054 1618 relationem
1082 1553 1470 1638 inciperent3
1514 1553 1999 1637 disserebatque
2029 1552 2177 1615 bre-

355 1659 542 1723 vibus
602 1657 943 1722 momentis
1005 1678 1254 1720 summa
1318 1658 1517 1739 verti;
1586 1657 1725 1722 fore
1790 1657 2179 1742 quandoque

361 1762 762 1828 Germanicis
807 1762 1058 1826 initium
1087 1763 1441 1846 potentiae.
1514 1763 1705 1826 simul
1730 1762 2008 1848 populus
2040 1759 2179 1825 effi-

288 1898 339 1938 10
357 1869 494 1954 gies
549 1865 950 1953 Agrippinae
1013 1888 1087 1931 ac
1142 1866 1425 1931 Neronis
1482 1886 1716 1951 gerens
1776 1865 2183 1930 circumsistit

357 1973 595 2037 curiam
653 1972 1005 2057 faustisque
1069 1973 1136 2036 in
1197 1971 1545 2037 Caesarem
1610 1972 1927 2036 ominibus
1986 1970 2179 2034 falsas

354 2077 600 2143 litteras
646 2082 712 2140 et
757 2076 1047 2161 principe
1093 2075 1295 2139 invito
1344 2075 1616 2140 exitium
1664 2075 1884 2139 domui
1928 2074 2181 2140 intendi

358 2180 660 2245 clamitat.
741 2181 834 2243 ita
877 2178 1035 2243 nihil
1082 2178 1265 2243 triste
1311 2178 1423 2242 illo
1461 2178 1565 2243 die
1598 2186 1940 2263 patratum.
2014 2179 2182 2263 fere-

356 2285 590 2348 bantur
635 2284 829 2347 etiam
875 2282 992 2346 sub
1023 2283 1389 2348 nominibus
1422 2284 1853 2348 consularium
1897 2284 2084 2349 fictae
2115 2284 2183 2349 in

212 2374 226 2387 ⁸
290 2414 340 2453 15
359 2388 664 2453 Seianum
726 2386 1085 2452 sententiae
1153 2387 1610 2451 exercentibus
1677 2388 1999 2473 plerisque
2064 2409 2186 2473 per

362 2492 682 2558 occultum
713 2498 906 2576 atque
932 2510 1013 2555 eo
1038 2491 1371 2576 procacius
1400 2490 1733 2555 libidinem
1754 2491 2183 2577 ingeniorum.

359 2595 532 2662 unde
591 2596 685 2659 illi
741 2596 840 2659 ira
894 2595 1242 2661 violentior
1300 2602 1366 2659 et
1424 2596 1727 2661 materies
1774 2594 2183 2661 criminandi:

361 2707 650 2786 spretum
698 2698 990 2764 dolorem
1033 2700 1345 2785 principis
1391 2700 1471 2765 ab
1518 2706 1777 2783 senatu,
1837 2700 2187 2764 descivisse

363 2805 707 2890 populum3
739 2803 947 2868 audiri
978 2804 1104 2869 iam
1135 2811 1202 2869 et
1232 2805 1368 2889 legi
1394 2825 1597 2869 novas
1629 2804 1984 2883 contiones,
2015 2823 2189 2867 nova

293 2937 345 2977 20
362 2916 616 2995 patrum
662 2908 986 2990 consulta3
1035 2907 1190 2993 quid
1234 2906 1553 2992 reliquum
1597 2908 1721 2973 nisi
1764 2913 1837 2971 ut
1882 2912 2189 2993 caperent

363 3014 602 3078 ferrum
649 3020 745 3097 et,
806 3032 1080 3097 quorum
1139 3012 1457 3097 imagines
1516 3034 1635 3097 pro
1682 3012 1939 3077 vexillis
1985 3011 2191 3076 secuti

362 3118 593 3201 forent,
641 3117 837 3181 duces
883 3116 1435 3201 imperatoresque
1485 3115 1893 3200 deligerent?

493 3225 554 3287 5.
616 3221 825 3306 Igitur
872 3219 1112 3285 Caesar
1168 3221 1458 3304 repetitis
1503 3220 1841 3285 adversum
1884 3226 2197 3304 nepotem

368 3332 432 3389 et
477 3345 710 3388 nurum
755 3324 1007 3408 probris
1045 3323 1487 3409 increpitaque
1518 3344 1635 3408 per
1666 3323 1949 3389 edictum
1977 3324 2197 3408 plebe,

368 3432 632 3510 questus
679 3426 850 3511 apud
897 3431 1111 3510 patres
1157 3426 1333 3511 quod
1376 3426 1601 3491 fraude
1647 3429 1836 3493 unius
1882 3426 2199 3491 senatoris
