2467 3900
659 257 735 297 AB
763 257 1014 296 EXCESSU
1042 257 1172 297 DIVI
1198 259 1454 298 AUGUSTI
1481 259 1550 298 ΠΙ
1578 259 1747 298 16—18.
2005 256 2120 311 123

299 412 367 477 id
399 434 558 498 ergo
589 413 683 477 fas
716 413 915 497 aviae,
962 415 1462 479 interfectricem
1500 418 1756 500 nepotis
1788 417 2120 502 adspicere

300 518 568 603 adloqui
592 517 841 602 eripere
872 519 1142 582 senatui.
1199 519 1374 603 quod
1405 542 1521 605 pro
1559 522 1855 585 omnibus
1882 522 2122 586 civibus

298 623 481 705 leges
530 623 894 705 obtineant,
958 624 1071 687 uni
1120 625 1506 690 Germanico
1565 647 1697 689 non
1754 626 2190 710 contigissem

299 726 549 791 Vitellii
581 732 646 791 et
665 727 933 792 Veranii
960 749 1121 792 voce
1156 727 1462 794 defletum
1495 728 1860 813 Gaesarem,
1892 732 1973 795 ab
2003 733 2121 795 im-

298 835 596 914 peratore
634 835 699 895 et
723 828 1027 912 Augusta
1056 831 1388 897 defensam
1407 834 1800 898 Plancinam.
1850 834 2122 920 proinde

298 955 549 999 venena
596 940 662 1000 et
706 942 877 1000 artes
924 941 1057 999 tam
1097 937 1374 1002 feliciter
1404 945 1704 1024 expertas
1739 945 2023 1004 verteret
2056 941 2121 1003 in

296 1036 755 1123 Agrippinam,
815 1038 879 1102 in
926 1039 1166 1103 liberos
1225 1043 1362 1104 eius
1410 1043 1866 1127 egregiamque
1912 1045 2123 1108 aviam

294 1163 372 1206 ac
432 1146 736 1226 patruum
802 1143 1117 1226 sanguine
1180 1146 1579 1210 miserrimae
1643 1146 1874 1211 domus
1939 1167 2124 1211 exsa-
2141 1163 2191 1200 15

296 1247 504 1310 tiaret.
603 1243 874 1309 biduum
940 1267 1136 1329 super
1199 1249 1323 1312 hac
1392 1249 1671 1332 imagine
1737 1250 2122 1335 cognitionis

298 1350 708 1435 absumptum
766 1357 1036 1434 urgente
1082 1351 1340 1416 Tiberio
1401 1353 1640 1417 liberos
1685 1354 1940 1417 Pisonis
1988 1375 2121 1417 ma-

296 1461 462 1520 trem
504 1455 601 1519 uti
645 1461 998 1520 tuerentur.
1069 1463 1135 1520 et
1177 1477 1326 1521 cum
1363 1464 1771 1522 accusatores
1809 1479 1884 1523 ac
1920 1462 2122 1522 testes

299 1561 593 1624 certatim
636 1567 1017 1644 perorarent
1061 1562 1502 1646 respondente
1547 1563 1748 1646 nulle,
1795 1563 2119 1627 miseratio

299 1685 489 1749 quam
532 1665 777 1730 invidia
820 1667 1198 1748 augebatur.
1290 1668 1530 1753 primus
1590 1669 1973 1732 sententiam
2018 1687 2121 1730 ro·
2141 1686 2190 1724 20

300 1775 485 1852 gatus
527 1768 837 1833 Aurelius
872 1770 1065 1833 Cotta
1111 1772 1336 1834 consul
1383 1769 1558 1852 (nam
1601 1771 1922 1835 referente
1958 1770 2119 1834 an-

297 1892 437 1938 sare
495 1875 906 1960 magistratus
967 1895 1045 1938 eo
1110 1875 1304 1938 etiam
1346 1895 1614 1938 munere
1659 1873 2118 1958 fungebantur)

299 1990 537 2044 nomen
580 1979 835 2044 Pisonis
883 1978 1284 2051 eradendum
1325 1979 1505 2043 fastis
1553 1979 1821 2060 censuit,
1873 1986 2122 2063 partem

300 2080 616 2145 bonorum
678 2084 1163 2168 publicandam,
1228 2104 1376 2167 pars
1438 2088 1509 2146 ut
1571 2083 1684 2147 On.
1727 2082 1950 2145 Pisoni
1988 2081 2118 2145 filio

299 2185 766 2250 concederetur
809 2173 995 2271 isque
1037 2208 1434 2271 praenomen
1481 2193 1788 2269 mutaret3
1834 2188 1924 2251 M.
1967 2187 2118 2250 Piso
2145 2213 2196 2251 25

301 2295 498 2353 exuta
546 2289 858 2373 dignitate
905 2297 971 2355 et
1008 2298 1274 2377 accepto
1302 2289 1789 2377 *quinquagiens
1827 2293 2121 2357 sestertio

298 2393 367 2455 in
415 2392 638 2456 decem
686 2415 885 2457 annos
930 2395 1367 2479 relegaretur,
1428 2417 1733 2462 concessa
1775 2398 2121 2462 Plancinae

301 2495 745 2562 incolumitate
796 2498 876 2562 ob
924 2519 1152 2583 preces
1196 2499 1556 2582 Augustae.

437 2603 535 2665 18.
600 2603 807 2667 Multa
852 2623 936 2666 ex
980 2604 1304 2667 sententia
1344 2604 1637 2689 mitigata
1682 2613 1830 2670 sunt
1873 2629 1910 2670 a
1947 2609 2120 2692 prin-

302 2708 476 2791 cipe:
524 2728 605 2771 ne
637 2727 874 2770 nomen
904 2706 1157 2770 Pisonis
1189 2706 1369 2771 fastis
1401 2709 1832 2793 excideretur,
1865 2712 2120 2797 quando

300 2812 387 2877 M.
451 2810 757 2895 Antonii,
835 2813 946 2897 qui
1011 2813 1255 2877 bellum
1318 2813 1565 2897 patriae
1627 2814 1922 2898 fecisset,
1998 2816 2123 2879 Iuli

298 2916 589 3000 Antonii,
637 2918 747 3003 qui
778 2916 1041 2981 domum
1079 2915 1366 3001 Augusti
1397 2919 1722 3001 violasset,
1767 2926 2120 2984 manerent.

302 3034 368 3087 et
423 3024 511 3087 M.
560 3022 862 3087 Pisonem
921 3022 1317 3107 ignominiae
1381 3023 1621 3086 exemit
1680 3023 2168 3106 concessitquer,

301 3134 571 3211 paterna
612 3128 815 3208 bona,
880 3126 1033 3191 satis
1076 3112 1330 3209 firmUS,
1391 3132 1462 3189 ut
1509 3148 1702 3211 saepe
1750 3128 2121 3207 memoravi,

300 3232 646 3297 adversum
674 3232 1012 3317 pecuniam
1045 3238 1110 3295 et
1132 3236 1270 3293 tum
1297 3229 1550 3314 pudore
1575 3231 1906 3294 absolutae
1930 3230 2120 3293 Plan-

303 3338 483 3401 cinae
517 3336 915 3421 placabilior.
979 3341 1172 3420 atque
1204 3334 1402 3416 idem,
1453 3356 1597 3399 cum
1626 3335 1928 3399 Valerius
1949 3336 2121 3400 Mes-

302 3440 541 3505 salinus
566 3442 817 3525 signum
847 3461 1112 3503 aureum
1141 3439 1209 3502 in
1237 3437 1400 3503 aede
1420 3436 1644 3501 Martis
1663 3438 1926 3520 Ultoris,
1964 3438 2123 3503 Cae-
