2467 3900
653 251 729 290 AB
756 250 1007 291 EXGESSU
1032 251 1161 291 DIVI
1186 252 1442 293 AUGUSTI
1467 254 1514 292 11
1539 253 1708 294 80—83.
1985 250 2096 306 109

270 409 421 493 quia
476 393 788 494 populum
848 410 1215 476 Romanum
1277 431 1484 496 aequo
1546 411 1686 476 iure
1753 413 2098 496 complecti

268 512 527 577 reddita
568 514 867 578 libertate
914 515 1320 598 agitaverint.
1393 517 1516 579 hos
1555 515 1736 601 vulgi
1767 528 2098 583 sermones
2117 541 2166 578 ιο

273 615 495 681 audita
536 639 710 682 mors
756 619 921 684 adeo
967 620 1274 701 incendit,
1314 627 1392 686 ut
1436 627 1584 685 ante
1634 621 1916 687 edictum
1962 645 2098 686 ma-

272 721 675 805 gistratuum,
710 727 857 788 ante
890 729 1150 788 senatus
1180 717 1545 790 consultum
1570 731 1824 810 sumpto
1851 727 2097 791 iustitio

276 825 731 890 desererentur
786 827 959 910 fora,
1020 827 1476 892 clauderentur
1521 830 1771 896 domne.
1859 831 2100 916 passim

275 928 529 993 silentia
574 935 641 994 et
682 931 982 1014 gemituS,
1030 933 1191 997 nihil
1239 935 1671 1019 compositum
1714 936 1782 999 in
1816 941 2099 1002 ostenta-

272 1032 551 1114 tionem3
598 1039 667 1097 et
695 1053 1080 1119 quamquam
1111 1057 1323 1120 neque
1352 1038 1712 1122 insignibus
1741 1040 2102 1125 lugentium
2123 1065 2173 1105 15

275 1135 689 1219 abstinerent,
735 1139 926 1202 altius
972 1139 1199 1204 animis
1228 1141 1624 1205 maerebant.
1698 1142 1865 1207 forte
1897 1161 2101 1225 nego-

272 1241 545 1305 tiatores
607 1243 868 1308 vivente
928 1243 1140 1310 adhuc
1187 1245 1576 1310 Germanico
1625 1245 1811 1310 Suria
1857 1245 2106 1328 egressi

274 1347 548 1410 laetiora
610 1346 692 1412 de
750 1348 1124 1414 valetudine
1180 1351 1478 1414 attulere.
1568 1350 1782 1414 statim
1843 1349 2104 1432 credita,

275 1450 491 1513 statim
534 1453 799 1536 vulgata
845 1457 1023 1516 sunt:
1072 1458 1147 1516 ut
1190 1453 1459 1538 quisque
1507 1453 1732 1518 obvius
1749 1503 1766 1536 ,
1812 1453 2104 1538 quamvis
2173 1464 2178 1468 ’

274 1553 511 1618 leviter
554 1555 773 1618 audita
816 1555 884 1619 in
928 1555 1089 1620 alios
1134 1561 1328 1640 atque
1373 1556 1470 1619 illi
1514 1556 1584 1620 in
1625 1556 1843 1640 plures
1881 1577 2103 1623 cumu-
2122 1584 2176 1624 20

275 1658 405 1722 lata
448 1658 685 1742 gaudio
732 1659 1145 1724 transferunt.
1222 1664 1479 1730 cursant
1523 1681 1642 1744 per
1667 1661 1918 1743 urbem,
1965 1680 2103 1723 mo-

276 1762 517 1826 liuntur
560 1763 950 1846 templorum
994 1763 1201 1845 fores3
1254 1764 1432 1827 iuvat
1478 1763 1928 1828 credulitatem
1971 1784 2107 1827 nox

279 1872 345 1929 et
388 1865 747 1951 promptior
790 1866 959 1930 inter
1001 1867 1304 1939 tenebras
1349 1866 1730 1931 adfirmatio.
1819 1888 1940 1931 nec
1988 1867 2106 1931 ob-

278 1970 441 2033 stitit
500 1961 675 2033 falsis
732 1970 1059 2053 Tiberius,
1136 1969 1345 2035 donec
1401 1976 1698 2055 tempore
1758 1992 1833 2035 ac
1894 1972 2104 2054 spatio

278 2080 729 2139 vanescerent:
804 2081 869 2141 et
923 2076 1203 2159 populus
1251 2075 1444 2159 ·quasi
1502 2096 1755 2139 rursum
1813 2081 2107 2159 ereptum
2124 2103 2176 2142 25

280 2164 489 2241 acrius
536 2178 763 2242 doluit.
1513 2248 1516 2251 ,

412 2266 514 2346 83.
578 2284 917 2363 Ηοῑιο16ε,
962 2289 1035 2347 ut
1080 2284 1220 2367 quis
1267 2303 1487 2348 amore
1533 2283 1600 2345 in
1649 2283 2106 2349 Germanicum

278 2391 389 2449 aut
431 2387 691 2471 ingenio
724 2387 993 2469 validus,
1038 2386 1282 2470 reperti
1315 2384 1720 2470 decretique:
1767 2391 1838 2448 ut
1866 2406 2106 2450 nomen

280 2491 509 2556 Saliari
554 2492 833 2556 carmine
880 2496 1249 2571 caneretur3
1296 2489 1487 2553 sedes
1519 2489 1773 2553 curules
1805 2488 2106 2554 sacerdo-

279 2600 417 2659 tum
476 2593 933 2681 Augustalium
1007 2596 1166 2659 locis
1230 2614 1550 2678 superque
1617 2614 1724 2658 eas
1789 2614 2105 2678 querceae

281 2719 558 2764 coronae
606 2704 1075 2779 statuerentur3
1121 2695 1313 2762 ludos
1360 2696 1678 2760 circenses
1725 2696 1968 2760 eburna
2013 2695 2148 2761 ef-5

278 2803 463 2888 figies
506 2802 789 2886 praeiret
832 2820 1000 2866 neve
1046 2799 1187 2884 quis
1230 2799 1465 2863 flamen
1510 2805 1620 2862 aut
1666 2820 1868 2883 augur
1911 2800 1979 2864 in
2006 2802 2105 2863 lo-

281 2927 426 2972 cum
460 2906 827 2973 Germanici
868 2904 993 2969 nisi
1020 2903 1233 2987 gentis
1263 2902 1468 2967 Iuliae
1502 2909 1847 2976 crearetur.
1922 2924 2106 2969 arcus

281 3009 486 3075 additi
528 3009 781 3075 Romae
828 3015 893 3073 et
940 3008 1111 3093 apud
1156 3008 1362 3092 ripam
1404 3006 1619 3073 Rheni
1666 3014 1731 3073 et
1775 3009 1840 3072 in
1887 3016 2106 3073 monte

282 3098 505 3178 Suriae
551 3111 808 3177 Amano
860 3132 1004 3177 cum
1048 3112 1470 3196 inscriptione
1514 3132 1734 3175 rerum
1777 3119 2103 3196 gestarum

282 3239 357 3282 ac
402 3224 679 3283 mortem
727 3216 809 3280 ob
856 3236 993 3280 rem
1037 3214 1365 3299 publicam
1413 3214 1644 3297 obisse,
1693 3216 2103 3298 sepulchrum
2129 3246 2179 3285 10

279 3319 700 3405 Antiochiae,
757 3321 871 3385 ubi
931 3324 1278 3402 crematu8,
1336 3320 1614 3385 tribunal
1657 3320 2104 3408 Epidaphnae,

282 3446 408 3510 quo
468 3425 537 3488 in
579 3425 724 3489 loco
770 3424 970 3489 vitam
1012 3424 1286 3489 finierat.
1377 3430 1731 3489 statuarum
1778 3427 2102 3491 columna-

386 3534 626 3575 Cornelius
652 3535 843 3574 Tacitus
869 3516 905 3575 Ῑ.
1763 3532 1792 3581 7
