2467 3900
362 177 437 234 922
1036 180 1314 220 cosman
1340 180 1540 221 norm

326 365 333 394 -·
360 346 552 427 atque
598 340 780 406 illum
822 341 890 404 in
921 360 1219 426 regressu
1252 361 1432 406 sacra
1461 340 1952 406 Samothracum
1982 340 2226 406 visere

359 449 673 513 nitentem
724 445 923 510 obvii
962 444 1298 529 aquilones
1325 445 1682 531 ,depulere.
1769 445 1972 530 igitur
2017 445 2220 510 adito

358 552 481 616 Ilio
533 569 820 635 quaeque
867 549 959 612 ibi
1002 548 1316 614 varietate
1359 547 1656 618 fortunae
1703 554 1768 614 et
1811 551 2022 614 nostri
2071 551 2216 615 ori'-

292 674 342 715 10
359 656 511 738 gin-e
555 651 957 734 veneranda,
1004 652 1240 737 relegit
1281 651 1507 717 Asiam
1549 653 1946 738 adpellitque
1995 653 2216 718 Colo-

358 761 595 844 phona,
638 762 711 822 ut
759 756 952 822 Clarii
990 755 1320 840 Apollinis
1368 756 1626 837 oraculo
1674 762 1988 823 uteretur.
2064 779 2215 823 non

315 921 319 925 .
357 861 598 928 femina⁴
629 861 779 943 illic,
828 865 899 924 ut
928 859 1102 944 apud
1131 859 1449 944 Delphos,
1497 860 1614 925 sed
1647 861 1905 926 certis-e
1937 861 2214 927 familiis

360 974 426 1032 et
468 966 673 1033 ferme
703 965 927 1030 Mileto
976 965 1215 1030 accitus
1263 965 1568 1030 sacerdos
1611 986 1951 1030 numerum
1993 966 2208 1050 modo

360 1070 856 1136 consultantium
914 1075 979 1134 et
1036 1069 1298 1134 nomina
1355 1068 1565 1150 audit3
1625 1073 1762 1132 tum
1813 1069 1880 1133 in
1925 1090 2212 1154 specum

290 1192 340 1232 15
360 1175 704 1260 degressus
748 1173 979 1238 hausta
1021 1172 1216 1238 fontis
1263 1173 1487 1238 arcani·
1523 1194 1710 1258 aqua,
1755 1173 2016 1257 ignarus
2053 1175 2207 1258 ple-

356 1301 627 1364 rumque
656 1279 1017 1343 litterarum
1048 1283 1113 1341 et
1144 1277 1518 1360 carminum,
1549 1277 1684 1342 edit
1712 1298 2205 1363 responsaver-

360 1385 533 1452 sibus
602 1383 973 1468 compositis
1020 1403 1231 1467 super
1291 1384 1484 1446 rebus
1549 1403 1704 1466 quas
1769 1382 1909 1467 quis
1974 1389 2202 1448 mente

362 1489 677 1574 concepit.
768 1491 835 1552 et
890 1486 1217 1552 ferebatur
1265 1486 1649 1551 Germanico
1701 1507 1822 1571 per
1866 1486 2201 1570 ambages,

328 1599 431 1657 ,ut
477 1613 617 1656 mos
665 1590 955 1674 oraculis,
997 1597 1324 1655 maturum
1347 1590 1640 1656 ‘exitium
1687 1590 2018 1654 cecinisse.
2079 1609 2105 1644 ·'

489 1698 591 1760 55.
646 1693 747 1760 At*
784 1694 899 1760 Cn.
946 1694 1137 1777 Piso,
1196 1715 1324 1778 quo
1372 1694 1822 1779 properantius
1870 1693 2200 1758 destinata

356 1799 693 1885 inciperet,
740 1799 1067 1864 civitatem
1095 1796 1597 1862 Atheniensium
1625 1797 1899 1862 turbido
1936 1797 2199 1863 incessu

358 1906 737 1973 exterritam
798 1905 1088 1971 oratione
1146 1924 1340 1969 saeva
1382 1903 1674 1987 increpat
1719 1901 1977 1988 oblique
2029 1902 2196 1969 Ger-

359 2012 682 2075 manicum
712 2011 1176 2095 perstringens,
1222 2007 1398 2093 quod
1429 2013 1654 2073 contra
1687 2006 1884 2071 decus
1913 2008 2211 2085 Romani,

292 2115 636 2179 .5nominis
681 2134 814 2179 non
858 2113 1294 2178 Athenienses
1339 2118 1440 2176 tot
1485 2111 1773 2176 cladibus
1819 2114 2196 2195 exstinctos,

360 2218 478 2283 sed
550 2217 911 2283 conluviem
980 2218 1159 2281 illam
1224 2217 1558 2282 nationum
1627 2216 1928 2280 comitate
1993 2216 2196 2281 nimia

358 2320 701 2391 coluisset:
774 2319 895 2385 hos
970 2321 1141 2385 enim
1216 2342 1361 2387 esse
1428 2320 1821 2386 Mithridatis
1889 2320 2194 2386 adversus

362 2423 623 2506 Sullam,
667 2422 940 2490 Antonii
972 2424 1279 2491 adversus
1312 2424 1533 2490 divum
1561 2422 1930 2508 Augustum
1961 2423 2192 2488 socios.

360 2530 557 2594 etiam
611 2534 836 2595 vetera
882 2530 1278 2612 obiectabat,
1337 2550 1506 2614 quae
1551 2529 1619 2593 in
1662 2528 2054 2593 Macedones
2099 2528 2192 2591 in-

292 2652 691 2719 inprospere,
740 2632 1056 2699 violenter
1084 2634 1151 2699 in
1182 2655 1334 2698 suos
1365 2633 1690 2715 fecissent,
1739 2632 2022 2697 offensus
2048 2630 2192 2696 urbi
2229 2682 2236 2687 .

361 2736 623 2822 propria
680 2758 935 2824 quoque
994 2738 1121 2820 ira,
1180 2738 1338 2823 quia,
1365 2736 1815 2823 Theophilum
1875 2736 2192 2821 quendam

361 2840 539 2907 Areo
593 2840 836 2910 iudicio
894 2840 1038 2905 falsi
1097 2841 1472 2906 damnatum
1527 2842 1826 2927 precibus
1887 2840 2018 2905 suis
2062 2860 2190 2903 non

362 2944 815 3011 concederent.
884 2946 1059 3011 exim
1102 2947 1516 3031 navigatione
1546 2946 1760 3011 celeri
1801 2966 1922 3031 per
1969 2944 2191 3029 Cycla-

366 3050 480 3115 das
534 3056 601 3115 et
645 3049 1031 3136 compendia
1075 3050 1270 3115 maris
1315 3049 1690 3135 adsequitur
1737 3049 2186 3114 Germanicum

298 3172 348 3211 1⁵
364 3154 537 3240 apud
580 3155 857 3219 insulam
898 3153 1227 3237 Rhodum,
1272 3154 1448 3218 haud
1491 3154 1781 3219 nescium
1829 3152 2056 3237 quibus
2093 3153 2185 3217 in-

365 3259 824 3325 sectationibus
853 3258 1092 3343 petitus
1118 3257 1319 3324 foret:
1361 3257 1478 3322 sed
1499 3263 1679 3322 tanta
1700 3244 2183 3321 mansuetudine

368 3363 620 3446 agebat,
666 3367 756 3445 ut,
804 3383 949 3426 cum
988 3367 1129 3425 orta
1156 3366 1509 3446 tempestas
1539 3366 1798 3446 raperet
1827 3360 1894 3423 in
1925 3361 2183 3444 abrupta
