2467 3900
716 222 793 261 AB
820 221 1073 262 Excusso
1098 221 1230 262 mvi
1254 221 1511 262 mensu
1536 222 1583 262 11
1609 223 1777 263 sl-sss
2095 219 2166 274 77

328 381 601 445 modum
648 386 918 466 argento
953 381 1345 467 supellectili
1374 379 1677 447 familiae.
1755 388 1979 448 contra
2013 382 2166 448 Gral-

329 487 434 550 lus
490 486 759 550 Asinius
823 486 1159 552 disseruit:
1232 492 1426 550 auctu
1482 485 1740 570 imperii
1796 486 2165 552 adolevisse

332 592 532 656 etiam
597 592 882 676 privatas
947 612 1104 676 opes
1165 591 1365 675 idque
1423 610 1556 654 non
1612 611 1889 673 novum,
1956 589 2072 655 sed
2128 610 2164 655 e

329 695 782 761 vetustissimis
810 695 1131 760 moribus:
1167 695 1359 760 aliam
1390 694 1562 779 apud
1589 694 1943 778 Fabricios,
1977 695 2165 760 aliam

330 801 504 887 apud
550 800 887 885 Scipiones
949 800 1319 885 pecuniam:
1380 798 1464 863 ad
1519 819 1659 864 rem
1694 800 2018 885 publicam
2062 817 2235 865 re-10

323 903 516 989 ferri,
582 926 708 990 qua
765 905 964 971 tenui·
1005 912 1312 988 angustas
1372 903 1608 969 civium
1662 903 1925 987 domos,
1986 912 2164 989 post-

329 1030 523 1094 quam
585 1030 662 1074 eo
723 1009 1244 1095 magnificentiae
1289 1007 1571 1090 venerit,
1628 1007 1901 1092 gliscere
1950 1008 2167 1095 singu-

326 1113 450 1178 los.
537 1133 751 1198 neque
818 1115 886 1178 in
952 1113 1194 1178 familia
1259 1118 1325 1178 et
1386 1120 1658 1195 argento
1723 1133 2017 1198 quaeque
2082 1113 2167 1178 ad

313 1238 516 1282 -usum
571 1217 841 1282 nimium
898 1216 1142 1302 aliquid
1199 1223 1310 1281 aut
1364 1216 1693 1282 modicum
1735 1218 1859 1282 nisi
1904 1239 1989 1282 ex
2032 1219 2161 1283 for-

328 1328 484 1387 tuna
541 1321 950 1407 possidentis.
1043 1321 1379 1386 distinctos
1438 1326 1697 1386 senatus
1757 1328 1821 1385 et
1879 1323 2166 1407 equitum
2181 1342 2231 1382 15

330 1447 582 1509 census,
625 1446 759 1489 non
803 1426 952 1510 quia
998 1423 1239 1490 diversi
1281 1430 1531 1507 natura,
1578 1424 1713 1508 sed,
1760 1433 1831 1490 ut
1870 1427 2029 1491 locis
2063 1447 2163 1490 or-

329 1531 586 1596 dinibus
653 1528 1168 1614 dignationibUS,
1231 1529 1539 1594 antistent
1601 1530 1796 1594 etiam
1860 1529 1937 1593 iis
1997 1550 2162 1615 quae

329 1636 414 1700 ad
457 1635 750 1719 requiem
787 1634 988 1699 animi
1015 1639 1127 1699 aut
1157 1632 1598 1698 salubritatem
1634 1654 1995 1718 corporum,
2040 1634 2164 1698 nisi

327 1741 498 1805 forte
547 1738 900 1804 clarissimo
954 1737 1184 1823 cuique
1216 1737 1435 1822 plures
1467 1758 1670 1817 curae,
1716 1738 1963 1803 maiora
1992 1738 2161 1823 peri-

327 1845 480 1910 cula
521 1841 880 1925 subeunda,
929 1842 1383 1907 delenimentis
1432 1841 1779 1906 carendum
1827 1863 1991 1907 esse.
2068 1842 2231 1906 fa-20

327 1952 524 2016 cilem
589 1947 938 2015 adsensum
999 1946 1190 2012 Gallo
1256 1947 1374 2012 sub
1436 1945 1804 2012 nominibus
1871 1945 2161 2013 honestis

329 2054 646 2120 confessio
693 2052 1002 2119 vitiorum
1043 2057 1110 2117 et
1137 2051 1494 2117 similitudo
1527 2050 1927 2116 audientium
1960 2050 2159 2118 dedit.

327 2158 658 2224 adiecerat
703 2156 1096 2222 et'Tiberius
1131 2162 1266 2219 non
1296 2154 1361 2219 id
1392 2160 1647 2239 tempus
1680 2174 1987 2219 censurae
2019 2174 2161 2237 neo,

327 2262 541 2348 siquid
587 2264 656 2327 ln
698 2261 985 2326 moribus
1027 2259 1314 2344 labaret,
1379 2258 1746 2324 defuturum
1794 2258 2162 2341 corrigendi

328 2374 680 2433 auctorem.
1511 2413 1516 2419 .
2180 2388 2231 2427 25

461 2473 566 2536 34.
629 2471 809 2536 Inter
868 2490 1032 2555 quae
1085 2468 1162 2533 L.
1221 2469 1376 2534 Piso
1431 2468 1742 2533 ambitum
1800 2467 1959 2549 fori,
2018 2486 2159 2529 cor-

325 2581 542 2661 rupta·
572 2573 845 2657 iudicia,
873 2594 880 2599 ·
903 2574 1237 2639 saevitiam
1298 2578 1658 2653 oratorum,
1720 2570 2163 2635 accusationes

329 2678 762 2743 minitantium
818 2679 1158 2764 increpans
1219 2676 1395 2741 abire
1450 2697 1521 2741 se
1580 2683 1645 2741 et
1700 2674 1935 2740 cedere
1978 2676 2161 2757 urbe,

327 2785 646 2849 victurum
716 2783 782 2847 in
855 2782 1070 2868 aliquo
1147 2781 1369 2845 abdito
1446 2787 1513 2846 et
1585 2780 1941 2864 longinquo
2012 2800 2160 2843 rure

314 2889 716 2969 -testabatur3
765 2886 954 2951 simul
1002 2886 1247 2950 curiam
1287 2884 1716 2969 relinquebat.
1798 2887 2204 2948 commotus5

327 2991 647 3074 Tiberius,
694 3010 1078 3075 quamquam
1122 2989 1385 3054 mitibus
1429 2989 1643 3055 verbis
1673 2988 1983 3053 Pisonem
2012 3007 2158 3070 per-

317 3094 690 3177 ·mulsisset‚
751 3093 1150 3179 propinquos
1209 3112 1465 3177 quoque
1510 3092 1767 3177 impulit
1801 3096 1873 3154 ut
1914 3090 2159 3155 abeun-

328 3204 460 3263 tem
493 3197 876 3265 auctoritate
909 3195 1013 3261 vel
1044 3196 1347 3281 precibus
1379 3202 1698 3263 tenerent.
1743 3193 1917 3259 haud
1948 3193 2159 3257 minus

327 3302 519 3367 liberi
564 3301 808 3366 doloris
864 3299 1326 3364 documentum
1369 3300 1549 3363 idem
1589 3299 1743 3364 Piso
1792 3318 1948 3361 mox
1979 3296 2161 3361 dedit
2202 3364 2207 3367 ,

327 3412 560 3472 vocata
604 3406 671 3469 in
716 3406 814 3471 ius
859 3403 1250 3487 Urgulania,
1299 3424 1491 3487 quam
1538 3425 1731 3488 supra
1774 3403 1953 3486 leges
2000 3402 2158 3467 ami·
2178 3422 2225 3461 10
