2467 3900
655 241 730 280 AB
757 241 1009 282 EXCESSU
1037 241 1166 280 DIVI
1193 240 1448 281 AUGUSTI
1474 241 1496 278 Ι
1526 242 1691 280 10-12.
2010 237 2073 296 11

253 401 438 464 tione
483 400 596 464 tali
643 399 974 484 dignitatis
1021 421 1211 485 quam
1256 400 1411 464 fidei
1457 392 1628 464 erat:
1687 399 2079 483 Tiberioque
2104 425 2148 464 10

255 505 452 568 etiam
508 503 573 567 in
617 503 810 568 rebus
857 523 1012 587 quas
1071 525 1204 568 non
1265 505 1623 586 occuleret,
1684 524 1798 567 seu
1855 508 2081 566 natura

253 609 392 672 sive
457 607 922 688 adsuetudine,
987 628 1298 692 suspensa
1362 629 1617 692 semper
1680 613 1745 672 et
1810 607 2081 671 obscura

252 713 489 780 verba:
549 719 700 776 tunc
744 733 902 777 vero
948 713 1196 794 nitenti,
1242 717 1315 774 ut
1359 732 1581 776 sensus
1628 733 1777 776 suos
1823 712 2079 796 penitus

253 817 548 900 abderet,
591 816 658 880 in
688 817 1004 880 incertum
1037 821 1101 878 et
1132 813 1502 896 ambiguum
1536 815 1745 897 magis
1789 814 2076 898 implica-

255 921 502 984 bantur.
580 927 647 984 at
691 925 937 1005 patres,
983 918 1214 1002 quibus
1262 939 1426 982 unus
1471 925 1681 982 metus
1726 918 1781 981 si
1824 919 2076 985 intelle·
2098 941 2149 980 15

249 1044 412 1107 gere
443 1025 833 1106 viderentur,
881 1024 946 1088 in
977 1029 1241 1107 questus
1288 1025 1587 1088 lacrimas·
1614 1030 1769 1090 vota
1801 1024 2075 1103 effundi3

251 1125 341 1192 ad
388 1127 578 1208 de08,
638 1125 721 1191 ad
779 1127 1062 1210 effigiem
1107 1126 1419 1210 Augusti,
1480 1126 1562 1190 ad
1606 1148 1822 1211 genua
1877 1129 2077 1212 ipsius

255 1252 482 1295 manus
526 1231 816 1311 tendere,
863 1252 1006 1296 cum
1052 1230 1326 1316 proferri
1371 1231 1661 1295 libellum
1692 1232 2076 1317 recitarique

252 1335 460 1400 iussit.
581 1355 736 1420 opes
812 1335 1104 1421 publicae
1171 1336 1696 1419 continebantur,
1769 1342 2076 1422 quantum

251 1439 493 1503 civium
533 1440 982 1525 sociorumque
1028 1441 1093 1503 in
1137 1441 1353 1522 armis,
1400 1446 1557 1525 quot
1602 1442 1838 1505 classes
1877 1462 2077 1524 regna
2096 1469 2147 1506 20

251 1543 674 1628 provinciae,
720 1544 958 1608 tributa
1002 1550 1114 1607 aut
1156 1543 1497 1626 vectigalia
1544 1550 1609 1608 et
1660 1546 2076 1610 necessitates

249 1670 332 1712 ac
374 1648 768 1732 largitiones.
861 1668 1027 1732 quae
1072 1653 1302 1712 cuncta
1346 1669 1463 1713 sua
1511 1670 1707 1713 manu
1761 1649 2078 1734 perscrip-

250 1761 429 1818 serat
459 1752 794 1836 Augustus
839 1752 1305 1837 addideratque
1353 1753 1689 1817 consilium
1736 1754 2076 1818 coercendi

250 1857 422 1932 intra
465 1857 792 1921 vterminos
850 1856 1134 1940 imperii,
1209 1856 1524 1920 incertum
1580 1863 1757 1921 metu
1806 1879 1905 1920 .an
1962 1878 2079 1940 per

253 1961 590 2026 invidiam.
1088 2002 1092 2004 >
2095 1984 2146 2025 25

391 2066 488 2129 122
551 2065 732 2147 Inter
760 2072 934 2153 quae'
958 2071 1188 2131 senatu
1213 2064 1298 2132 ad
1330 2064 1578 2130 infimas
1612 2065 2077 2137 obtestationes

247 2170 740 2254 procumbente,
786 2169 950 2234 dixit
993 2171 1160 2236 forte
1207 2170 1506 2235 Tiberius
1552 2190 1620 2233 se
1668 2176 1739 2235 ut
1783 2190 1914 2233 non
1958 2171 2106 2250 toti,

247 2273 350 2337 rei
411 2273 705 2357 publicae
765 2296 1025 2359 parem,
1091 2275 1180 2338 ita
1246 2295 1687 2359 quaecumque
1750 2294 1899 2358 pars
1960 2274 2082 2337 sibi

246 2377 704 2467 mandaretur,
795 2372 931 2442 eius
1020 2379 1290 2444 tutelam
1382 2384 1848 2477 suscepturum.
1942 2384 2079 2442 tum

247 2476 515 2545 Asinius
565 2480 790 2547 Gallus
847 2480 1218 2566 ,interrogo‘
1280 2482 1485 2567 inqu-it
1532 2481 1830 2564 ,Gaesar,
1888 2479 2123 2567 quam5

243 2592 504 2681 partem
566 2586 662 2651 rei
723 2587 1020 2672 publicae
1092 2586 1380 2651 mandari
1440 2586 1558 2651 tibi
1622 2585 1825 2657 velis‘.
1934 2608 2079 2671 per-

247 2692 467 2755 culsus
531 2691 856 2776 inprovisa
897 2691 1403 2774 interrogatione
1461 2692 1727 2775 paulum
1789 2692 2077 2757 reticuit:

249 2792 408 2858 dein
457 2796 728 2860 collecto
776 2795 989 2859 animo
1038 2794 1393 2879 respondit,
1444 2816 1847 2880 nequaquam
1883 2796 2077 2862 deco·-

245 2919 396 2963 rum
457 2899 687 2983 pudori
751 2920 866 2963 suo
931 2900 1154 2983 legere
1216 2898 1459 2983 aliquid
1524 2906 1632 2963 aut
1693 2900 1933 2965 evitare
1995 2921 2079 2964 ex

247 3022 368 3085 ec,
431 3004 532 3067 cui
591 3004 658 3067 in
703 3004 1087 3073 ,universum
1147 3004 1444 3072 excusari
1496 3005 1733 3069 mallet.
1824 3024 2077 3067 rursum
2096 3026 2145 3065 10

251 3106 479 3172 Gallus
540 3105 806 3187 (etenim
853 3110 1032 3174 vultu
1092 3109 1517 3175 offensionem
1577 3108 2075 3189 coniectaverat)

244 3233 383 3276 non
426 3212 664 3279 idcirco
712 3215 1180 3298 interrogatum
1242 3214 1363 3295 ait,
1429 3219 1500 3276 ut
1546 3212 1865 3277 divideret
1911 3233 2074 3296 quae

247 3318 539 3401 separari
596 3318 970 3402 nequirent:
1034 3316 1279 3381 scilicet
1336 3337 1451 3381 sua
1513 3317 1913 3381 confessione
1974 3336 2074 3378 ar-

244 3427 577 3506 gueretur,
623 3442 824 3490 unum
867 3422 1307 3521 rei·publicae
1354 3440 1586 3505 corpus
1627 3420 1812 3499 unius
1859 3421 2073 3486 animo
