2467 3900
356 198 428 254 78
991 176 1269 243 conmn
1294 203 1491 244 ‘nom

351 362 502 425 citia
543 360 882 444 Augustae
930 361 1273 426 extulerat.
1336 381 1458 426 nec
1504 365 1615 426 aut
1658 360 2021 446 Urgulania
2070 381 2195 445 op-

351 466 770 551 temperavit‚
841 467 907 530 in
980 465 1247 531 domum
1309 465 1601 531 Caesaris
1658 468 1899 551 spreto
1942 464 2196 530 Pisone

349 578 538 637 vecta
558 620 574 652 ,
634 578 744 636 aut
788 571 898 636 ille
944 571 1289 654 abscessit,
1335 591 1725 656 quamquam
1766 569 2069 654 Augusta
2114 591 2194 634 se

349 675 582 742 violari
627 679 694 739 et
737 674 1031 740 imminui
1069 679 1467 760 quereretur.
1542 673 1837 738 Tiberius
1868 673 2193 738 hactenus

279 796 330 836 15
349 779 688 863 indulgere
753 779 940 844 matri
1002 778 1190 844 civile
1250 783 1461 858 ratus,
1529 785 1601 842 ut
1658 797 1731 842 se
1792 777 2033 841 iturum
2100 775 2191 840 ad

348 883 669 968 praetoris
711 884 1011 966 tribunal,
1058 881 1429 948 adfuturum
1468 881 1865 966 Urgulaniae
1914 880 2189 963 diceret,

349 987 665 1071 processit
726 988 978 1053 Palatio
1055 988 1284 1071 procul
1344 987 1530 1071 sequi
1590 986 1781 1052 iussis
1844 987 2189 1052 militibus.

349 1092 758 1176 spectabatur
831 1099 1206 1158 occursante
1282 1093 1525 1178 populo
1602 1095 1997 1177 compositus
2067 1113 2187 1158 ore
2276 1101 2281 1106 “

349 1202 415 1262 et
472 1197 874 1262 sermonibus
928 1197 1122 1262 variis
1178 1201 1438 1282 tempus
1494 1202 1686 1282 atque
1746 1197 1871 1262 iter
1914 1195 2187 1278 ducens,

277 1325 327 1364 20
349 1303 558 1369 donec
622 1303 1000 1388 propinquis
1063 1302 1371 1368 Pisonem
1433 1303 1670 1367 frustra
1732 1300 2185 1366 coercentibus

347 1407 584 1471 deferri
638 1407 936 1491 Augusta
992 1407 1363 1492 pecuniam,
1424 1427 1588 1492 quae
1646 1405 1989 1492 petebatur
2006 1455 2024 1489 ,
2084 1404 2187 1470 iu-

346 1510 550 1576 beret.
637 1511 819 1594 isque
877 1511 1020 1575 finis
1075 1511 1202 1594 rei,
1268 1533 1353 1576 ex
1412 1532 1538 1596 qua
1592 1531 1805 1596 neque
1859 1510 2015 1575 Piso
2076 1510 2181 1574 in-

346 1614 592 1698 glorius
657 1619 724 1680 et
794 1613 1032 1679 Caesar
1097 1615 1341 1682 maiore
1404 1615 1598 1680 fama.
1701 1621 1987 1680 ceterum
2047 1615 2181 1680 Ur-

347 1720 647 1804 gulaniae
703 1720 998 1806 potentia
1053 1718 1218 1784 adeo
1277 1718 1479 1785 nimia
1536 1718 1811 1803 civitati,
1868 1725 1943 1784 ut
1991 1718 2181 1784 testis

276 1840 328 1880 2⁵
344 1827 413 1890 in
470 1847 664 1891 causa
721 1827 1029 1911 quadam,
1087 1845 1251 1910 quae
1300 1825 1472 1910 apud
1517 1829 1812 1890 senatum
1855 1823 2180 1888 tractaba-

343 1935 466 2014 tur,
507 1931 728 1997 venire
762 1930 1255 2015 dedignaretur:
1301 1930 1535 1995 missus
1562 1932 1826 2014 praetor
1854 1927 1965 2013 qui
1993 1926 2180 1992 domi

345 2038 810 2120 interrogaret,
876 2056 1021 2101 cum
1078 2035 1361 2119 virgines
1418 2034 1723 2099 Vestales
1780 2035 1849 2098 in
1903 2033 2048 2098 foro
2110 2039 2181 2097 et

344 2140 584 2206 iudicio
606 2139 834 2222 audiri,
865 2139 1164 2223 quotiens
1184 2140 1627 2205 testimonium
1651 2138 1961 2220 dicerent,
1985 2144 2179 2204 vetus

345 2265 488 2309 mos
534 2242 745 2309 fuerit.

477 2350 580 2413 35.
643 2348 779 2413 Res
826 2368 905 2413 eo
952 2369 1118 2412 anno
1165 2349 1451 2433 prolatas
1495 2348 1672 2413 haud
1718 2347 2062 2431 referrem,
2106 2350 2179 2413 ni

344 2454 624 2538 pretium
659 2450 774 2516 On.
804 2451 1060 2516 Pisonis
1093 2457 1159 2516 et
1185 2451 1401 2516 Asinii
1433 2452 1605 2518 Galli
1636 2472 1829 2537 super
1860 2472 1939 2517 eo
1970 2472 2177 2537 nego-

343 2557 462 2621 tio·
489 2556 776 2621 diversas
815 2554 1166 2621 sententias
1197 2576 1491 2621 noscere.
1564 2555 1740 2636 Piso,
1786 2564 2177 2641 quamquam

344 2660 669 2726 afuturum
715 2682 786 2726 se
833 2660 1088 2727 dixerat
1121 2659 1380 2743 Caesar,
1427 2659 1509 2725 ob
1549 2660 1619 2724 id
1650 2658 1855 2743 magis
1886 2658 2177 2743 agendas

300 2788 325 2827 ⁵
346 2764 683 2830 censebat:
745 2765 1012 2830 absente
1076 2763 1368 2849 principe
1432 2769 1731 2828 senatum
1796 2768 1861 2827 et
1920 2762 2175 2848 equites

336 2885 536 2950 posse
581 2887 699 2931 sua
741 2868 961 2934 munia
1003 2867 1324 2954 sustinere
1372 2868 1683 2933 decorum
1725 2868 1823 2932 rei
1851 2867 2174 2952 publicae.

345 2972 592 3055 Gallus,
638 2972 788 3057 quia
831 2974 1115 3058 speciem
1160 2972 1479 3039 libertatis
1522 2971 1677 3036 Piso
1726 2976 2173 3057 praeceperat,

341 3076 503 3141 nihil
559 3077 714 3142 satis
771 3076 1040 3142 inlustre
1100 3086 1211 3143 aut
1270 3098 1356 3143 ex
1403 3076 1720 3161 dignitate
1762 3076 1993 3162 populi
2030 3076 2170 3142 Ro-

343 3180 514 3244 mani
576 3180 699 3244 nisi
757 3202 971 3246 coram
1031 3187 1096 3246 et
1157 3181 1276 3246 sub
1338 3180 1539 3245 oculis
1602 3180 1902 3246 Caesaris
1960 3201 2171 3265 eoque

273 3302 325 3342 10
345 3291 734 3351 conventum
777 3284 1009 3350 Italiae
1071 3290 1137 3350 et
1181 3284 1525 3350 adfluentis
1571 3284 1939 3369 provincias
1982 3306 2170 3370 prae-

343 3385 588 3451 sentiae
626 3389 952 3453 'servanda
997 3387 1273 3453 dicebat.
1350 3386 1654 3454 audiente
1699 3390 1861 3454 haec
1906 3388 2168 3455 Tiberio
