2467 3900
364 193 475 250 146
1019 197 1297 238 CORNELII
1323 198 1516 238 'mom

360 358 590 422 mansit
634 365 851 424 tamen
895 357 1073 443 prior
1118 356 1387 423 animus.
1477 355 1598 420 sed
1643 355 2030 443 praecipuus
2076 355 2192 419 ad-

359 463 561 528 stricti
604 463 801 526 moris
836 468 1065 527 auctor
1093 461 1534 546 Vespasianus
1573 461 1713 541 fuit,
1753 461 2018 545 antiquo
2049 459 2190 544 ipse

286 587 340 630 πο
361 566 535 632 cultu
578 565 903 651 victuque.
989 565 1372 650 obsequium
1413 564 1566 628 inde
1609 565 1677 628 in
1721 563 2080 650 principem
2125 573 2192 628 et

358 668 725 735 aemulandi
770 690 951 734 amor
995 669 1272 735 validior
1318 689 1510 755 quam
1554 690 1767 754 poena
1807 689 1892 734 ex
1934 668 2189 752 legibus

358 779 425 838 et
467 778 699 839 metus.
789 772 913 837 nisi
966 771 1137 837 forte
1182 772 1380 839 rebus
1427 773 1672 838 cunctis
1716 774 1881 838 inest
1925 773 2190 858 quidam

356 879 539 942 velut
577 879 771 962 orbis,
814 885 888 942 ut
933 898 1127 962 quem
1174 877 1260 942 ad
1303 876 1571 942 modum
1617 883 1983 963 temporum
2011 878 2188 943 vices

355 982 447 1046 ita
502 990 757 1048 moru'm
813 987 1177 1063 vertantur3
1247 1001 1370 1048 nec
1440 981 1656 1046 omnia
1711 982 1884 1066 apud
1939 981 2189 1066 priores

287 1086 655 1168 asmeliora,
715 1085 835 1151 sed
893 1091 1121 1150 nostra
1179 1106 1437 1170 quoque
1500 1090 1679 1150 aetas
1736 1086 1938 1150 multa
1980 1084 2188 1150 laudis

355 1195 423 1256 et
478 1191 711 1256 artium
771 1189 1084 1256 imitanda
1144 1190 1425 1275 posteris
1487 1189 1658 1256 tulit.
1744 1211 1970 1255 verum
2025 1190 2186 1256 haec

352 1293 540 1360 nobis
566 1294 635 1358 in
656 1295 870 1358 animo
900 1315 1041 1358 res:
1074 1295 1424 1360 certamina
1447 1314 1532 1358 ex
1563 1277 1837 1360 honesto
1863 1300 2185 1359 maneant.

332 1384 336 1388 ⁷
486 1400 590 1463 56.
652 1397 949 1464 Tiberius
1004 1399 1175 1462 fama
1218 1398 1682 1464 moderationis
1731 1405 1949 1485 parta,
2011 1398 2184 1484 quod

354 1502 711 1588 ingruentis
758 1490 1163 1567 accusatores
1207 1510 1627 1586 represserat,
1679 1502 1876 1566 mittit
1919 1503 2186 1585 litterae,

298 1655 303 1658 -
355 1606 499 1692 quis
557 1611 949 1692 potestatem
1010 1605 1420 1672 tribuniciam
1464 1607 1680 1671 Druso
1745 1608 2029 1693 petebat.
2117 1608 2186 1672 id

353 1711 585 1776 summi
626 1710 865 1796 fastigii
912 1709 1294 1776 vocabulum
1337 1709 1688 1796 Augustus
1729 1712 2054 1797 repperit,
2101 1734 2184 1777 ne

310 1815 527 1900 sregis
583 1822 697 1880 aut
756 1814 1088 1880 dictatoris
1149 1835 1388 1881 nomen
1432 1816 1799 1890 adsumeret
1849 1838 1926 1882 ac
1970 1822 2184 1882 tamen

352 1919 789 2006 appellatione
838 1918 1055 2005 aliqua
1090 1921 1547 2005 praemineret.
1610 1920 1902 1986 Marcum
1948 1920 2182 1987 deinde

350 2023 714 2111 Agrippam
771 2025 1051 2108 socium,
1114 2046 1242 2109 quo
1307 2024 1614 2091 defuncto
1675 2026 2006 2092 Tiberium
2048 2027 2112 2090 N
2112 2048 2180 2092 e-

350 2149 579 2194 ronem
615 2127 879 2211 delegit,
924 2147 1009 2193 ne
1056 2115 1392 2193 successor
1434 2128 1499 2192 in
1544 2130 1791 2195 incerto
1832 2130 2019 2197 foret.
2091 2131 2183 2195 sic

350 2233 641 2299 cohiberi
684 2253 916 2317 pravas
963 2232 1235 2297 aliorum
1280 2253 1428 2318 spes
1473 2234 1766 2317 rebatur3
1816 2234 2004 2300 simul
2041 2255 2180 2299 mo-

283 2356 333 2397 10
353 2337 599 2403 destiae
628 2337 909 2401 Neronis
956 2342 1024 2401 et
1068 2356 1221 2402 suae
1262 2337 1694 2423 magnitudini
1722 2340 1988 2405 fidebat.
2052 2360 2178 2425 quo

348 2446 501 2505 tunc
562 2440 860 2525 exemplo
909 2440 1204 2505 Tiberius
1252 2442 1541 2507 Drusum
1593 2464 1879 2509 summae
1925 2444 2021 2509 rei
2064 2444 2179 2509 ad-

348 2545 581 2628 movit,
645 2566 790 2611 cum
848 2544 1154 2609 incolumi
1202 2546 1592 2611 Germanico
1641 2546 1971 2632 integrum
2013 2547 2181 2613 inter

349 2647 513 2713 duos
559 2648 865 2713 iudicium
908 2648 1244 2713 tenuisset.
1323 2647 1439 2713 sed
1467 2650 1787 2739 principio
1821 2652 2180 2717 litterarum

346 2757 692 2818 veneratus
730 2752 909 2834 deos,
955 2758 1028 2817 ut
1073 2752 1344 2816 consilia
1385 2774 1501 2817 sua
1544 2753 1639 2819 rei
1684 2754 1982 2839 publicae
2027 2776 2178 2840 pro-

279 2874 330 2913 15
346 2861 697 2941 sperarent,
745 2857 998 2922 modica
1042 2857 1121 2923 de
1166 2857 1456 2923 moribus
1495 2858 1929 2925 adulescentis
1965 2881 2178 2946 neque

345 2961 411 3024 in
466 2960 699 3025 falsum
755 2968 944 3026 aucta
999 2959 1269 3025 rettulit.
1361 2982 1504 3025 esse
1551 2961 1647 3026 illi
1705 2964 2054 3049 coniugem
2110 2972 2178 3030 et

345 3070 479 3130 tres
523 3065 762 3131 liberos
810 3084 1081 3148 eamque
1126 3068 1440 3148 aetatem,
1496 3085 1622 3149 qua
1666 3067 1804 3150 ipse
1854 3067 2178 3151 quondam

346 3191 385 3233 a
432 3168 580 3233 divo
618 3167 919 3253 Augusto
966 3167 1051 3231 ad
1096 3169 1568 3253 capessendum
1611 3170 1738 3236 hoc
1785 3193 2017 3237 munus
2060 3195 2175 3238 vo-

349 3279 529 3339 catus
564 3272 665 3337 sit.
727 3293 936 3357 neque
974 3292 1145 3337 nunc
1173 3295 1458 3359 propere
1489 3274 1606 3340 sed
1637 3296 1757 3360 per
1793 3284 1940 3341 octo
1971 3297 2175 3343 annos

277 3398 329 3438 20
349 3383 537 3462 capto
574 3376 1043 3461 experimentO,
1089 3380 1472 3463 compressis
1504 3380 1954 3463 seditionibus,
2000 3402 2172 3447 com-
