2467 3900
356 164 469 220 144
1016 171 1295 212 CORNELII
1321 173 1516 212 errrr

350 328 463 392 illa
505 326 886 393 feminarum
930 329 1225 415 propria,
1287 330 1428 414 quis
1485 330 1775 416 lapidum
1823 352 2014 396 causa
2057 353 2172 417 pe-

353 433 577 498 cuniae
639 438 899 499 nostrae
959 433 1042 498 ad
1107 439 1409 499 externas
1453 441 1584 499 -aut
1640 435 1892 501 hostilis
1946 443 2175 518 gentes

280 556 333 596 2⁶
353 538 865 604 transferuntur?

484 645 586 709 54.
653 643 793 708 Nec
837 645 1065 729 ignoro
1112 643 1179 709 in
1226 644 1536 709 conviviis
1583 651 1648 710 et
1695 643 1946 710 circulis
1990 644 2169 708 incu-

354 746 481 810 sari
522 746 646 810 ista
690 752 755 811 et
796 747 1062 815 modum
1110 748 1324 832 posci:
1383 755 1483 812 set
1527 747 1723 832 siquis
1767 747 1983 831 legem
2029 767 2174 810 san-

355 851 513 932 ciat,
577 871 821 935 poenas
884 850 1155 934 indicat,
1221 852 1397 916 idem
1453 852 1546 916 illi
1607 853 1932 917 civitatem
1989 853 2179 933 verti,

354 954 871 1039 splendidissimo
932 956 1161 1040 cuique
1222 957 1495 1020 exitium
1551 957 1790 1043 parari,
1848 957 2176 1023 neminem

309 1081 335 1120 5
352 1057 631 1123 criminis
678 1065 1015 1144 expertem
1059 1060 1498 1125 clamitabunt.
1569 1061 1748 1146 atqui
1775 1082 1858 1126 ne
1891 1060 2181 1146 corporis

354 1161 615 1247 quidem
672 1160 933 1228 morbos
992 1171 1248 1229 veteres
1309 1171 1374 1229 et
1433 1165 1543 1228 diu
1601 1171 1823 1231 auctos
1881 1163 2003 1228 nisi
2062 1184 2182 1248 per

356 1266 514 1332 dura
560 1271 627 1331 et
670 1288 901 1352 aspera
946 1288 1284 1334 coerceas:
1333 1275 1671 1355 corruptus
1718 1270 1908 1335 simul
1939 1275 2008 1334 et
2036 1289 2179 1332 cor-

353 1377 616 1462 ruptor,
644 1393 842 1455 aeger
888 1378 953 1438 et
996 1375 1272 1460 flagrans
1317 1375 1566 1439 animus
1609 1373 1784 1439 haud
1829 1372 2181 1440 levioribus

354 1474 657 1540 remediis
699 1477 1198 1560 restinguendus
1241 1500 1431 1564 quam
1469 1479 1844 1545 libidinibus
1882 1477 2179 1543 ardescit.

284 1599 338 1638 10
358 1586 457 1644 tot
512 1601 551 1643 a
593 1581 944 1646 maioribus
1001 1591 1300 1668 repertae
1348 1583 1562 1668 leges,
1626 1588 1724 1648 tot
1780 1603 1936 1668 quas
1995 1581 2182 1645 divus

358 1683 691 1768 Augustus
734 1685 913 1767 tulit,
959 1687 1107 1752 illae
1127 1703 1138 1713 ‘
1157 1688 1514 1770 oblivione,
1561 1688 1721 1770 hae,
1779 1685 1955 1771 quod
1997 1674 2180 1768 flagi-

357 1787 605 1870 tiosius,
651 1795 1028 1876 contemptu
1072 1790 1352 1855 abolitae
1401 1791 1791 1856 securiorem
1820 1790 2047 1854 luxum
2084 1788 2180 1853 fe-

359 1913 552 1964 cere..
601 1915 751 1959 nam
788 1894 842 1960 si
877 1895 1038 1960 velis
1072 1895 1248 1979 quod
1277 1894 1566 1960 nondum
1608 1894 1903 1975 vetitum,
1949 1894 2181 1957 timeas

357 2020 441 2062 ne
485 2006 737 2065 vetere:
799 2006 865 2063 at
910 2000 963 2063 si
1010 2000 1336 2085 prohibita
1380 2001 1641 2085 impune
1689 1997 2182 2078 transcenderis,

289 2128 339 2165 15
358 2122 569 2187 neque
613 2113 821 2167 metus
866 2103 1035 2166 ultra
1078 2123 1292 2187 neque
1338 2103 1568 2188 pudor.
1663 2123 1775 2168 cur
1821 2122 1978 2187 ergo
2026 2101 2182 2164 olim

358 2205 749 2289 parsimonia
794 2205 1127 2289 pollebat?
1212 2206 1360 2291 quia
1405 2205 1526 2270 sibi
1572 2206 1838 2291 quisque
1883 2192 2183 2269 modera-

357 2311 578 2393 batur,
626 2304 775 2394 quia
818 2310 1005 2375 unius
1051 2311 1226 2375 urbis
1274 2311 1445 2375 cives
1493 2332 1778 2392 eramus3
1835 2332 1917 2374 ne
1960 2310 2183 2374 inrita-

357 2419 576 2477 menta
621 2413 881 2499 quidem
928 2414 1159 2479 eadem
1199 2416 1368 2479 intra
1398 2413 1651 2477 Italiam
1684 2413 2184 2478 dominantibus.

360 2518 643 2583 externis
705 2518 989 2584 victoriis
1049 2518 1288 2601 aliena,
1354 2517 1645 2582 civilibus
1710 2517 1904 2581 etiam
1963 2522 2184 2581 nostra

227 2666 229 2669 >
289 2640 340 2678 20
362 2643 737 2688 consumere
800 2621 1158 2687 didicimus,
1252 2624 1630 2709 quantulum
1688 2620 1865 2686 istud
1925 2620 2006 2686 de
2053 2642 2180 2706 quo

284 2766 294 2779 -
362 2724 606 2790 aediles
646 2727 1029 2791 admonent!
1123 2748 1332 2812 quam,
1379 2727 1433 2791 si
1479 2732 1695 2791 cetera
1739 2725 2062 2810 respicias,
2115 2724 2182 2787 in

358 2828 489 2892 levi
544 2830 943 2896 habendum!
1019 2836 1085 2895 at
1140 2831 1400 2895 hercule
1464 2850 1655 2895 nemo
1716 2830 1945 2911 refert,
2008 2828 2182 2913 quod

361 2932 549 2997 Italia
612 2940 917 2999 externae
980 2936 1119 3021 opis
1183 2934 1468 3017 indiget,
1533 2932 1709 3018 quod
1767 2933 1912 3024 vita⁸
1958 2930 2184 3017 populi

360 3036 637 3103 Romani
682 3059 799 3124 per
838 3040 1085 3103 ineerta
1115 3038 1308 3103 maris
1353 3044 1418 3102 et
1448 3043 1907 3122 tempestatum
1944 3036 2184 3102 cotidie

292 3168 343 3207 25
362 3141 659 3206 volvitur.
734 3160 809 3205 ac
853 3142 978 3206 nisi
1019 3142 1492 3227 provinciarum
1537 3141 1764 3226 copiae
1812 3149 1878 3207 et
1909 3140 2185 3205 dominis

364 3250 430 3307 et
473 3244 751 3309 servitiis
797 3250 862 3309 et
906 3245 1078 3327 agris
1124 3244 1558 3327 subvenerint,
1605 3253 1828 3310 nostra
1863 3266 1982 3309 nos
2014 3244 2182 3309 scili-

367 3356 467 3411 cet
524 3367 790 3411 nemora
845 3356 1231 3433 nostraeque
1290 3349 1483 3415 villae
1540 3349 1908 3414 tuebuntur.
1997 3350 2186 3431 hanc,
