2467 3900
350 243 463 304 152
628 201 646 224 κ
877 259 883 264 ·
1004 250 1283 290 commun
1309 251 1506 292 'mcum

348 405 666 490 tegenda,
712 407 830 471 sed
878 428 1101 472 omnes
1148 409 1552 492 consulares,
1591 429 1828 492 magna
1871 430 2023 494 pars
2063 410 2173 494 qui

349 517 651 592 praetura
694 510 896 576 functi
941 511 1250 596 multique
1304 513 1500 577 etiam
1535 513 1796 598 ,pedarii
1841 519 2173 579 senatores

279 637 331 676 10
352 615 643 679 certatim
678 621 1107 699 exsurgerent
1134 614 1458 700 foedaque
1491 622 1558 680 et
1583 616 1785 680 nimia
1816 622 2172 682 censerent.

348 718 704 784 memoriae
734 717 1031 802 proditur
1059 718 1413 803 Tiberium,
1451 721 1762 804 quotiens,
1783 721 1957 786 curia
1986 741 2172 805 egre-

353 822 643 905 deretur,
708 824 973 888 Graecis
1035 823 1248 888 verbis
1307 825 1374 888 in
1430 825 1601 888 hunc
1645 824 1912 890 modum
1957 825 2175 910 eloqui

350 928 611 998 solitum
668 950 729 1010 ‚o
774 927 1068 993 homines
1116 926 1200 996 ad
1245 928 1624 996 servitutem
1668 935 1928 1014 paratos
1945 926 1984 992 1‘
2051 928 2171 993 sci-

350 1032 501 1096 licet
544 1032 741 1096 etiam
787 1032 988 1114 illum,
1034 1033 1144 1117 qui
1187 1032 1556 1112 libertatem·
1591 1033 1916 1118 publicam
1949 1035 2173 1118 nollet,

282 1156 333 1195 15
350 1143 479 1202 tam
524 1138 855 1222 proiectae
904 1136 1321 1203 servientium
1364 1137 1716 1221 patientiae
1761 1136 2085 1202 taedebat.

480 1242 583 1306 66.
644 1241 967 1308 Paulatim
1031 1240 1266 1305 dehinc
1323 1241 1402 1305 ab
1449 1239 1768 1306 indecoris
1813 1240 1898 1305 ad
1943 1240 2176 1306 infesta

348 1345 1003 1430 transgrediebantur.
1078 1345 1149 1409 C.
1183 1345 1470 1410 Silanum
1510 1366 1625 1430 pro
1661 1346 1923 1412 consule
1954 1345 2176 1428 Asiae,

349 1449 851 1534 repetundarum
924 1471 981 1512 a⁴
1032 1451 1225 1527 sociis
1298 1451 1692 1535 postulatum
1715 1500 1731 1533 ,
1813 1453 2176 1516 Mamercus

350 1553 625 1618 Scaurus
698 1573 733 1616 e
800 1552 1274 1636 consularibus,
1349 1555 1574 1620 Iunius
1644 1554 1818 1620 Otho
1894 1561 2174 1640 praetor,

308 1657 727 1724 5Bruttedius
772 1658 977 1742 Niger
1038 1658 1264 1724 aedilis
1319 1659 1511 1725 simul
1558 1659 1910 1749 corripiunt
1963 1658 2176 1724 obiec-

352 1766 615 1846 tantque
672 1761 984 1828 violatum
1040 1761 1328 1847 Augusti
1387 1784 1660 1847 numen,
1735 1769 2016 1848 spretam
2066 1764 2174 1828 Ti-

315 1866 513 1931 -berii
556 1867 977 1951 maiestatem,
1024 1870 1389 1936 Mamercus
1431 1869 1696 1955 antiqua
1742 1871 2039 1956 exempla
2075 1870 2167 1934 ia-

354 1972 557 2053 ciens,
614 1970 691 2035 L.
741 1972 998 2037 Cottam
1043 1996 1083 2039 a
1126 1974 1426 2059 Scipione
1471 1974 1813 2058 Africam,
1874 1976 2167 2041 Servium

356 2074 629 2141 Galbam
653 2096 693 2139 a
712 2076 958 2142 Catone
984 2079 1299 2162 censoriO,
1321 2080 1405 2143 P.
1425 2079 1741 2151 Rutilium
1763 2101 1800 2143 a
1818 2078 1907 2143 M.
1925 2079 2168 2145 Scauro

285 2205 335 2246 10
352 2187 703 2245 accusatos.
778 2183 1085 2247 videlicet
1130 2183 1348 2269 Scipio
1395 2190 1462 2249 et
1495 2184 1654 2248 Cato
1703 2185 1858 2249 talia
1902 2184 2173 2249 ulcisce-

352 2285 585 2349 bantur
647 2293 758 2349 aut
818 2286 928 2351 ille
987 2286 1293 2367 ScauruS,
1359 2309 1553 2372 quem
1615 2308 1928 2371 proavum
1989 2306 2178 2351 suum

356 2386 769 2472 obprobrium
792 2389 1128 2455 maiorum
1173 2390 1394 2454 infami
1441 2411 1636 2475 opera
1685 2390 2176 2456 dehonestabat.

355 2491 598 2557 Othoni
641 2493 1045 2563 litterarium.
1068 2495 1294 2561 ludum
1333 2517 1645 2562 exercere
1675 2502 1861 2562 vetus
1897 2518 1999 2560 ars
2025 2496 2176 2560 fuit:

355 2618 511 2661 mox
540 2597 757 2663 Seiani
802 2600 1093 2683 potentia
1138 2606 1401 2665 senator
1437 2600 1708 2664 obscura
1750 2600 1934 2664 initia
1967 2601 2176 2685 impu-

285 2722 337 2761 15
358 2700 653 2766 dentibus
683 2703 855 2766 ausis
882 2703 1314 2788 propellebat.
1359 2703 1771 2769 Bruttedium
1795 2703 2035 2780 artibus
2058 2704 2177 2769 ho-

353 2806 567 2871 nestis·
598 2808 933 2891 copiosum
978 2814 1077 2891 et,
1140 2809 1192 2872 si
1237 2814 1490 2873 rectum
1533 2809 1659 2873 iter
1701 2812 2034 2892 pergeret,
2096 2807 2179 2871 ad

355 2910 707 2975 clarissima
778 2932 1071 2997 quaeque
1141 2913 1378 2978 iturum
1440 2912 1762 2978 festinatio
1835 2911 2178 2976 extimula-

354 3017 495 3099 bat,
570 3015 721 3081 dum
782 3016 1100 3101 aequalis,
1168 3016 1318 3081 dein
1384 3017 1802 3100 superiores,
1846 3021 2178 3100 postremo

356 3127 638 3185 suasmet
712 3120 851 3205 ipse
926 3139 1073 3203 spes
1138 3121 1349 3185 antire
1415 3126 1628 3205 parat:
1712 3118 1884 3204 quod
1945 3120 2184 3183 multos

288 3247 339 3285 20
360 3225 551 3289 etiam
582 3224 793 3289 bonos
823 3242 1083 3307 pessum
1114 3221 1313 3306 dedit,
1361 3224 1469 3309 qui
1497 3223 1750 3309 spretiS‚
1798 3234 1966 3307 quae
1995 3222 2184 3287 tarda

359 3349 504 3394 cum
530 3327 929 3408 securitate,
982 3333 1392 3411 praematura
1435 3328 1541 3395 vel
1589 3348 1735 3394 cum
1781 3328 1984 3393 exitio
2031 3348 2181 3413 pro-

366 3434 613 3511 perant.
