2467 3900
397 212 432 264 2
441 210 467 263 1
479 211 514 265 6
1077 216 1356 257 CORNELII
1381 219 1578 260 TAOITI

393 372 715 456 trepidum
745 374 993 437 vultum
1023 375 1163 440 eius
1194 377 1651 460 spectantibus,
1699 399 1844 442 cum
1875 399 2216 464 superesse

349 481 644 560 stempus
688 479 1050 544 novissimis
1110 481 1483 564 crederent,
1541 482 1758 566 gladio
1818 503 2013 567 quem
2068 483 2217 547 sinu

390 580 727 645 abdiderat
758 582 1062 647 incubuit.
1139 605 1351 668 neque
1386 585 1625 650 Caesar
1654 586 1801 650 ullis
1842 586 2213 650 criminibus

388 691 498 748 aut
527 685 780 769 probris
814 685 1186 750 defunctum
1209 689 1559 754 insectatus
1598 694 1715 771 est,
1750 710 1896 754 cum
1929 690 1992 754 in
2014 689 2209 756 Blae-

387 809 526 851 sum
569 790 771 853 multa
814 789 1134 876 foedaque
1179 792 1621 857 incusavisset.

515 895 597 979 V,
645 896 705 958 8.
751 895 1055 960 Relatum
1097 897 1251 961 inde
1314 897 1397 962 de
1443 899 1517 962 P.
1563 897 1831 962 Vitellio
1895 903 1961 962 et
2005 898 2207 962 Pom-

283 1069 288 1074 ·
383 999 578 1082 ponio
627 1000 949 1066 Secundo,
1023 1001 1202 1065 illum
1247 1000 1491 1067 indices
1538 1003 1896 1088 arguebant
1929 1004 2209 1067 claustra

383 1105 630 1188 aerarii,
678 1106 779 1170 cui
807 1106 1172 1190 praefectus
1204 1113 1362 1188 erat,
1395 1113 1463 1172 et
1488 1107 1833 1173 militarem
1860 1107 2205 1192 pecuniam

381 1209 572 1274 rebus
618 1212 802 1274 novis
860 1211 1205 1292 obtulisse3
1268 1211 1415 1275 huic
1459 1232 1497 1274 a
1544 1209 1852 1275 Considio
1898 1217 2206 1294 praetura

337 1314 596 1378 sfuncto
630 1314 1070 1379 obiectabatur
1097 1312 1275 1379 Aelii
1305 1313 1477 1378 Galli
1507 1313 1805 1396 amicitia,
1836 1315 1944 1398 qui
1973 1315 2200 1398 punito

377 1416 610 1482 Seiano
675 1418 742 1482 in
799 1419 1022 1482 hortos
1065 1419 1415 1502 Pomponii
1463 1419 1644 1503 quasi
1689 1420 2069 1484 fidissimum
2115 1420 2201 1485 ad

374 1521 728 1586 subsidium
757 1523 1166 1607 perfugisset.
1242 1544 1450 1607 neque
1484 1522 1658 1586 aliud
1688 1523 2199 1607 periclitantibus

372 1625 597 1688 auxilii
654 1646 846 1710 quam
900 1625 1163 1690 fratrum
1220 1626 1611 1708 constantia,
1670 1626 1779 1711 qui
1836 1626 2037 1692 vades
2084 1649 2201 1693 ex-

371 1730 612 1795 stitere.
675 1751 829 1795 mox
861 1730 1100 1795 crebris
1131 1730 1599 1815 prolationibus
1631 1752 1812 1815 spem
1845 1752 1918 1796 ac
1948 1738 2198 1796 metum

302 1856 353 1896 ιο
369 1833 551 1898 iuxta
581 1839 882 1919 gravatus
911 1833 1214 1899 Vitellius
1248 1835 1453 1919 petito
1487 1855 1605 1919 per
1628 1835 1910 1918 speciem
1942 1834 2192 1900 studio-

365 1960 507 2002 rum
555 1940 802 2025 scalpro
865 1939 1078 2004 levem
1133 1938 1334 2004 ictum
1378 1939 1561 2003 venis
1604 1938 1818 2005 intulit
1862 1938 2191 2025 vitamque

365 2044 768 2127 aegritudine
831 2043 1023 2107 animi
1079 2043 1305 2107 finivit.
1403 2050 1468 2107 at
1524 2044 1925 2129 Pomponius
1987 2043 2193 2107 multa

361 2168 617 2210 morum
663 2147 984 2232 elegantia
1029 2152 1095 2209 et
1133 2146 1392 2230 ingenio
1438 2147 1707 2229 inlustri,
1756 2147 1909 2213 dum
1955 2148 2187 2213 adver-

363 2274 500 2316 sam
541 2251 865 2316 fortunam
910 2271 1151 2335 aequus
1209 2250 1471 2335 tolerat,
1532 2252 1791 2317 Tiberio
1839 2258 2189 2339 supersteS.

490 2355 572 2434 V,
621 2357 680 2418 9.
725 2354 1047 2418 Placitum
1090 2355 1364 2439 posthac
1409 2363 1480 2420 ut
1522 2356 1590 2419 in
1636 2356 1921 2441 reliquos
1966 2355 2189 2421 Seiani

358 2458 598 2522 liberos
643 2457 1090 2523 adverteretur
1133 2466 1519 2523 vanescente
1557 2481 1942 2545 quamquam
1973 2460 2186 2545 plebis

357 2562 454 2625 ira
484 2582 559 2625 ac
587 2561 911 2647 plerisque
943 2582 1062 2647 per
1097 2563 1315 2647 priora
1348 2563 1661 2648 supplicia
1688 2564 1923 2629 lenitis.
1984 2563 2187 2648 igitur

357 2672 695 2750 portantur
737 2668 804 2731 in
835 2688 1179 2751 carcerem,
1223 2667 1393 2731 filius
1422 2668 1893 2733 imminentium
1922 2669 2179 2733 intelle-

311 2791 536 2855 5gens,
579 2771 801 2855 puella
842 2770 1006 2836 adeo
1055 2773 1293 2855 nescia,
1331 2778 1408 2835 nt
1453 2772 1681 2837 crebro
1726 2772 2180 2857 interrogaret,

353 2874 528 2960 quod
576 2876 660 2941 ob
692 2875 1000 2941 delictum
1029 2882 1097 2942 et
1126 2898 1255 2961 quo
1286 2879 1681 2959 traheretur3
1732 2899 1944 2963 neque
1972 2878 2179 2943 factu·

352 3000 490 3043 ram
535 2979 704 3043 ultra
747 2984 815 3043 et
849 3000 1042 3064 posse
1088 2979 1425 3064 pueriliter
1454 2981 1723 3046 moneri.
1786 2981 2007 3046 oblisis
2036 2980 2179 3045 fau-

353 3082 532 3147 cibus
575 3082 641 3147 id
687 3073 914 3146 aetatis
952 3102 1224 3166 corpora
1269 3082 1336 3146 in
1384 3085 1735 3151 Gemonias
1780 3085 2045 3151 abiecta.

480 3186 563 3268 V,
615 3188 713 3249 10.
773 3186 902 3250 Per
957 3186 1130 3251 idem
1178 3194 1435 3273 tempus
1481 3187 1642 3254 Asia
1687 3195 1880 3274 atque
1925 3187 2179 3253 Achaia

349 3290 699 3354 exterritae
745 3294 891 3351 sunt
936 3289 1068 3353 acri
1112 3291 1317 3375 magis
1346 3313 1539 3376 quam
1573 3292 1875 3357 diuturno
1909 3314 2173 3358 rumore

349 3394 632 3457 Drusum
679 3392 1046 3458 Germanici
1088 3394 1289 3461 filium
1335 3395 1507 3480 apud
1549 3396 1865 3481 Cycladas
1909 3397 2174 3475 insulaS‚
