<?xml version="1.0" encoding="UTF-8"?>
<!DOCTYPE html PUBLIC "-//W3C//DTD XHTML 1.0 Transitional//EN"
    "http://www.w3.org/TR/xhtml1/DTD/xhtml1-transitional.dtd">
<html xmlns="http://www.w3.org/1999/xhtml" xml:lang="en" lang="en">
 <head>
  <title>
</title>
<meta http-equiv="Content-Type" content="text/html;charset=utf-8" />
  <meta name='ocr-system' content='tesseract 3.04.00' />
  <meta name='ocr-capabilities' content='ocr_page ocr_carea ocr_par ocr_line ocrx_word'/>
</head>
<body>
  <div class='ocr_page' id='page_1' title='image "./corneliitacitia00gitlgoog_0238.png"; bbox 0 0 2467 3900; ppageno 0'>
   <div class='ocr_carea' id='block_1_1' title="bbox 415 231 1563 288">
    <p class='ocr_par' dir='ltr' id='par_1_1' title="bbox 415 231 1563 288">
     <span class='ocr_line' id='line_1_1' title="bbox 415 231 1563 288; baseline -0.015 -1"><span class='ocrx_word' id='word_1_1' title='bbox 415 231 530 288; x_wconf 84' lang='lat'>226</span> <span class='ocrx_word' id='word_1_2' title='bbox 1063 232 1341 274; x_wconf 70' lang='lat' dir='ltr'>oonNEhn</span> <span class='ocrx_word' id='word_1_3' title='bbox 1366 233 1563 272; x_wconf 75' lang='grc' dir='ltr'><strong>ΤΑοΙΤῙ</strong></span> 
     </span>
    </p>
   </div>
   <div class='ocr_carea' id='block_1_2' title="bbox 340 389 2252 3475">
    <p class='ocr_par' dir='ltr' id='par_1_2' title="bbox 340 389 2252 3475">
     <span class='ocr_line' id='line_1_2' title="bbox 415 389 2252 475; baseline -0.004 -17"><span class='ocrx_word' id='word_1_4' title='bbox 415 394 719 460; x_wconf 81' lang='lat' dir='ltr'>scientiae</span> <span class='ocrx_word' id='word_1_5' title='bbox 765 391 1423 475; x_wconf 80' lang='lat' dir='ltr'>caerimoniarumque</span> <span class='ocrx_word' id='word_1_6' title='bbox 1454 394 1643 454; x_wconf 83' lang='lat' dir='ltr'>vetus</span> <span class='ocrx_word' id='word_1_7' title='bbox 1671 389 1917 454; x_wconf 88' lang='lat' dir='ltr'>incerto</span> <span class='ocrx_word' id='word_1_8' title='bbox 1952 393 2252 469; x_wconf 87' lang='lat' dir='ltr'>auctore,</span> 
     </span>
     <span class='ocr_line' id='line_1_3' title="bbox 415 491 2249 578; baseline -0.005 -16"><span class='ocrx_word' id='word_1_9' title='bbox 415 505 565 562; x_wconf 88' lang='lat' dir='ltr'>ante</span> <span class='ocrx_word' id='word_1_10' title='bbox 611 497 996 562; x_wconf 89' lang='lat' dir='ltr'>sententiam</span> <span class='ocrx_word' id='word_1_11' title='bbox 1040 495 1335 578; x_wconf 86' lang='lat' dir='ltr'>collegii,</span> <span class='ocrx_word' id='word_1_12' title='bbox 1394 514 1557 575; x_wconf 91' lang='lat' dir='ltr'>non,</span> <span class='ocrx_word' id='word_1_13' title='bbox 1604 497 1677 556; x_wconf 91' lang='lat' dir='ltr'>ut</span> <span class='ocrx_word' id='word_1_14' title='bbox 1721 491 2003 573; x_wconf 87' lang='lat' dir='ltr'>adsolet,</span> <span class='ocrx_word' id='word_1_15' title='bbox 2062 491 2249 554; x_wconf 82' lang='lat' dir='ltr'>lecto</span> 
     </span>
     <span class='ocr_line' id='line_1_4' title="bbox 345 594 2246 686; baseline -0.002 -25"><span class='ocrx_word' id='word_1_16' title='bbox 345 622 394 662; x_wconf 88' lang='lat'>10</span> <span class='ocrx_word' id='word_1_17' title='bbox 415 621 531 686; x_wconf 92' lang='lat' dir='ltr'>per</span> <span class='ocrx_word' id='word_1_18' title='bbox 577 601 956 685; x_wconf 89' lang='lat' dir='ltr'>magistrum</span> <span class='ocrx_word' id='word_1_19' title='bbox 1009 599 1475 683; x_wconf 79' lang='lat' dir='ltr'>aestimatoque</span> <span class='ocrx_word' id='word_1_20' title='bbox 1540 597 1860 679; x_wconf 90' lang='lat' dir='ltr'>carmine,</span> <span class='ocrx_word' id='word_1_21' title='bbox 1918 594 2095 680; x_wconf 87' lang='lat' dir='ltr'>apud</span> <span class='ocrx_word' id='word_1_22' title='bbox 2138 595 2246 658; x_wconf 88' lang='lat' dir='ltr'>in-</span> 
     </span>
     <span class='ocr_line' id='line_1_5' title="bbox 412 699 2252 789; baseline -0.003 -22"><span class='ocrx_word' id='word_1_23' title='bbox 412 704 817 789; x_wconf 84' lang='lat' dir='ltr'>frequentem</span> <span class='ocrx_word' id='word_1_24' title='bbox 850 709 1143 778; x_wconf 87' lang='lat' dir='ltr'>senatum</span> <span class='ocrx_word' id='word_1_25' title='bbox 1176 703 1435 787; x_wconf 81' lang='lat' dir='ltr'>egisset.</span> <span class='ocrx_word' id='word_1_26' title='bbox 1503 702 1693 766; x_wconf 90' lang='lat' dir='ltr'>simul</span> <span class='ocrx_word' id='word_1_27' title='bbox 1725 699 2252 776; x_wconf 78' lang='lat' dir='ltr'>commonefecit,</span> 
     </span>
     <span class='ocr_line' id='line_1_6' title="bbox 413 803 2251 892; baseline -0.003 -21"><span class='ocrx_word' id='word_1_28' title='bbox 413 808 561 892; x_wconf 85' lang='lat' dir='ltr'>quia</span> <span class='ocrx_word' id='word_1_29' title='bbox 603 807 804 870; x_wconf 88' lang='lat' dir='ltr'>multa</span> <span class='ocrx_word' id='word_1_30' title='bbox 846 827 1013 871; x_wconf 83' lang='lat' dir='ltr'>vana</span> <span class='ocrx_word' id='word_1_31' title='bbox 1057 807 1176 871; x_wconf 87' lang='lat' dir='ltr'>sub</span> <span class='ocrx_word' id='word_1_32' title='bbox 1221 807 1483 870; x_wconf 91' lang='lat' dir='ltr'>nomine</span> <span class='ocrx_word' id='word_1_33' title='bbox 1520 805 1761 870; x_wconf 87' lang='lat' dir='ltr'>celebri</span> <span class='ocrx_word' id='word_1_34' title='bbox 1788 803 2251 887; x_wconf 83' lang='lat' dir='ltr'>vulgabantur,</span> 
     </span>
     <span class='ocr_line' id='line_1_7' title="bbox 413 908 2249 996; baseline -0.002 -20"><span class='ocrx_word' id='word_1_35' title='bbox 413 911 705 977; x_wconf 79' lang='lat' dir='ltr'>sanxisse</span> <span class='ocrx_word' id='word_1_36' title='bbox 749 911 1152 996; x_wconf 85' lang='lat' dir='ltr'>Augustum,</span> <span class='ocrx_word' id='word_1_37' title='bbox 1214 931 1405 994; x_wconf 90' lang='lat' dir='ltr'>quem</span> <span class='ocrx_word' id='word_1_38' title='bbox 1464 910 1633 974; x_wconf 88' lang='lat' dir='ltr'>intra</span> <span class='ocrx_word' id='word_1_39' title='bbox 1690 910 1862 974; x_wconf 89' lang='lat' dir='ltr'>diem</span> <span class='ocrx_word' id='word_1_40' title='bbox 1921 908 2005 974; x_wconf 90' lang='lat' dir='ltr'>ad</span> <span class='ocrx_word' id='word_1_41' title='bbox 2048 929 2249 993; x_wconf 86' lang='lat' dir='ltr'>prae-</span> 
     </span>
     <span class='ocr_line' id='line_1_8' title="bbox 411 1013 2251 1097; baseline -0.003 -16"><span class='ocrx_word' id='word_1_42' title='bbox 411 1024 619 1082; x_wconf 89' lang='lat' dir='ltr'>torem</span> <span class='ocrx_word' id='word_1_43' title='bbox 662 1017 976 1081; x_wconf 89' lang='lat' dir='ltr'>urbanum</span> <span class='ocrx_word' id='word_1_44' title='bbox 1023 1015 1425 1080; x_wconf 87' lang='lat' dir='ltr'>deferrentur</span> <span class='ocrx_word' id='word_1_45' title='bbox 1454 1035 1621 1079; x_wconf 86' lang='lat' dir='ltr'>neve</span> <span class='ocrx_word' id='word_1_46' title='bbox 1652 1013 1891 1078; x_wconf 89' lang='lat' dir='ltr'>habere</span> <span class='ocrx_word' id='word_1_47' title='bbox 1937 1013 2251 1097; x_wconf 83' lang='lat' dir='ltr'>privatim</span> 
     </span>
     <span class='ocr_line' id='line_1_9' title="bbox 344 1116 2251 1204; baseline -0.003 -19"><span class='ocrx_word' id='word_1_48' title='bbox 344 1139 394 1178; x_wconf 82' lang='lat'>15</span> <span class='ocrx_word' id='word_1_49' title='bbox 412 1121 653 1186; x_wconf 84' lang='lat' dir='ltr'>liceret.</span> <span class='ocrx_word' id='word_1_50' title='bbox 729 1119 904 1204; x_wconf 87' lang='lat' dir='ltr'>quod</span> <span class='ocrx_word' id='word_1_51' title='bbox 951 1141 990 1182; x_wconf 86' lang='lat' dir='ltr'>a</span> <span class='ocrx_word' id='word_1_52' title='bbox 1033 1118 1381 1183; x_wconf 88' lang='lat' dir='ltr'>maioribus</span> <span class='ocrx_word' id='word_1_53' title='bbox 1423 1139 1677 1202; x_wconf 91' lang='lat' dir='ltr'>quoque</span> <span class='ocrx_word' id='word_1_54' title='bbox 1721 1116 2054 1181; x_wconf 89' lang='lat' dir='ltr'>decretum</span> <span class='ocrx_word' id='word_1_55' title='bbox 2104 1124 2251 1182; x_wconf 86' lang='lat' dir='ltr'>erat</span> 
     </span>
     <span class='ocr_line' id='line_1_10' title="bbox 411 1221 2243 1310; baseline -0.001 -22"><span class='ocrx_word' id='word_1_56' title='bbox 411 1230 560 1310; x_wconf 88' lang='lat' dir='ltr'>post</span> <span class='ocrx_word' id='word_1_57' title='bbox 627 1229 928 1288; x_wconf 84' lang='lat' dir='ltr'>exustum</span> <span class='ocrx_word' id='word_1_58' title='bbox 988 1221 1413 1307; x_wconf 85' lang='lat' dir='ltr'>Capitolium,</span> <span class='ocrx_word' id='word_1_59' title='bbox 1489 1222 1791 1305; x_wconf 85' lang='lat' dir='ltr'>quaesitis</span> <span class='ocrx_word' id='word_1_60' title='bbox 1854 1221 2049 1287; x_wconf 85' lang='lat' dir='ltr'>Samo</span> <span class='ocrx_word' id='word_1_61' title='bbox 2110 1222 2243 1286; x_wconf 90' lang='lat' dir='ltr'>Ilio</span> 
     </span>
     <span class='ocr_line' id='line_1_11' title="bbox 411 1325 2246 1411; baseline -0.001 -19"><span class='ocrx_word' id='word_1_62' title='bbox 411 1327 724 1411; x_wconf 78' lang='lat' dir='ltr'>ErythriS,</span> <span class='ocrx_word' id='word_1_63' title='bbox 771 1347 888 1411; x_wconf 92' lang='lat' dir='ltr'>per</span> <span class='ocrx_word' id='word_1_64' title='bbox 916 1325 1204 1391; x_wconf 88' lang='lat' dir='ltr'>Africam</span> <span class='ocrx_word' id='word_1_65' title='bbox 1235 1327 1429 1390; x_wconf 90' lang='lat' dir='ltr'>etiam</span> <span class='ocrx_word' id='word_1_66' title='bbox 1460 1347 1535 1390; x_wconf 88' lang='lat' dir='ltr'>ac</span> <span class='ocrx_word' id='word_1_67' title='bbox 1566 1325 1851 1390; x_wconf 82' lang='lat' dir='ltr'>Siciliam</span> <span class='ocrx_word' id='word_1_68' title='bbox 1882 1333 1947 1390; x_wconf 89' lang='lat' dir='ltr'>et</span> <span class='ocrx_word' id='word_1_69' title='bbox 1977 1325 2246 1391; x_wconf 83' lang='lat' dir='ltr'>Italicas</span> 
     </span>
     <span class='ocr_line' id='line_1_12' title="bbox 413 1429 2244 1514; baseline 0.001 -20"><span class='ocrx_word' id='word_1_70' title='bbox 413 1431 716 1512; x_wconf 76' lang='lat' dir='ltr'>coloniaS,</span> <span class='ocrx_word' id='word_1_71' title='bbox 747 1429 1132 1494; x_wconf 88' lang='lat' dir='ltr'>carminibus</span> <span class='ocrx_word' id='word_1_72' title='bbox 1157 1429 1465 1512; x_wconf 84' lang='lat' dir='ltr'>Sibullae,</span> <span class='ocrx_word' id='word_1_73' title='bbox 1496 1451 1625 1494; x_wconf 90' lang='lat' dir='ltr'>una</span> <span class='ocrx_word' id='word_1_74' title='bbox 1655 1449 1771 1494; x_wconf 90' lang='lat' dir='ltr'>seu</span> <span class='ocrx_word' id='word_1_75' title='bbox 1793 1430 2013 1514; x_wconf 83' lang='lat' dir='ltr'>plures</span> <span class='ocrx_word' id='word_1_76' title='bbox 2034 1431 2244 1512; x_wconf 87' lang='lat' dir='ltr'>fuere,</span> 
     </span>
     <span class='ocr_line' id='line_1_13' title="bbox 414 1534 2246 1619; baseline 0.001 -21"><span class='ocrx_word' id='word_1_77' title='bbox 414 1534 693 1619; x_wconf 90' lang='lat' dir='ltr'>datoque</span> <span class='ocrx_word' id='word_1_78' title='bbox 741 1534 1181 1598; x_wconf 85' lang='lat' dir='ltr'>sacerdotibus</span> <span class='ocrx_word' id='word_1_79' title='bbox 1225 1535 1529 1619; x_wconf 84' lang='lat' dir='ltr'>negotio,</span> <span class='ocrx_word' id='word_1_80' title='bbox 1592 1540 1902 1618; x_wconf 90' lang='lat' dir='ltr'>quantum</span> <span class='ocrx_word' id='word_1_81' title='bbox 1959 1535 2246 1602; x_wconf 85' lang='lat' dir='ltr'>humana</span> 
     </span>
     <span class='ocr_line' id='line_1_14' title="bbox 340 1638 2245 1724; baseline 0.003 -28"><span class='ocrx_word' id='word_1_82' title='bbox 340 1658 392 1696; x_wconf 84' lang='lat'>20</span> <span class='ocrx_word' id='word_1_83' title='bbox 413 1660 536 1723; x_wconf 88' lang='lat' dir='ltr'>ope</span> <span class='ocrx_word' id='word_1_84' title='bbox 581 1638 961 1722; x_wconf 87' lang='lat' dir='ltr'>potuissent,</span> <span class='ocrx_word' id='word_1_85' title='bbox 1003 1658 1160 1702; x_wconf 83' lang='lat' dir='ltr'>vera</span> <span class='ocrx_word' id='word_1_86' title='bbox 1205 1638 1591 1704; x_wconf 86' lang='lat' dir='ltr'>discernere.</span> <span class='ocrx_word' id='word_1_87' title='bbox 1666 1639 1864 1722; x_wconf 85' lang='lat' dir='ltr'>igitur</span> <span class='ocrx_word' id='word_1_88' title='bbox 1895 1646 2049 1704; x_wconf 88' lang='lat' dir='ltr'>tunc</span> <span class='ocrx_word' id='word_1_89' title='bbox 2078 1660 2245 1724; x_wconf 90' lang='lat' dir='ltr'>quo-</span> 
     </span>
     <span class='ocr_line' id='line_1_15' title="bbox 412 1742 2133 1828; baseline 0.001 -22"><span class='ocrx_word' id='word_1_90' title='bbox 412 1763 534 1828; x_wconf 89' lang='lat' dir='ltr'>que</span> <span class='ocrx_word' id='word_1_91' title='bbox 577 1743 828 1807; x_wconf 87' lang='lat' dir='ltr'>notioni</span> <span class='ocrx_word' id='word_1_92' title='bbox 874 1742 1449 1826; x_wconf 83' lang='lat' dir='ltr'>quindecimvirum</span> <span class='ocrx_word' id='word_1_93' title='bbox 1493 1744 1547 1807; x_wconf 90' lang='lat' dir='ltr'>is</span> <span class='ocrx_word' id='word_1_94' title='bbox 1592 1743 1755 1807; x_wconf 90' lang='lat' dir='ltr'>liber</span> <span class='ocrx_word' id='word_1_95' title='bbox 1800 1743 2133 1809; x_wconf 87' lang='lat' dir='ltr'>subicitur.</span> 
     </span>
     <span class='ocr_line' id='line_1_16' title="bbox 544 1846 2244 1932; baseline -0.001 -22"><span class='ocrx_word' id='word_1_96' title='bbox 544 1849 644 1912; x_wconf 88' lang='lat'>13.</span> <span class='ocrx_word' id='word_1_97' title='bbox 709 1846 926 1911; x_wconf 87' lang='lat' dir='ltr'>Isdem</span> <span class='ocrx_word' id='word_1_98' title='bbox 971 1847 1341 1912; x_wconf 89' lang='lat' dir='ltr'>consulibus</span> <span class='ocrx_word' id='word_1_99' title='bbox 1382 1847 1697 1932; x_wconf 83' lang='lat' dir='ltr'>gravitate</span> <span class='ocrx_word' id='word_1_100' title='bbox 1730 1866 2025 1911; x_wconf 88' lang='lat' dir='ltr'>annonae</span> <span class='ocrx_word' id='word_1_101' title='bbox 2056 1847 2244 1909; x_wconf 88' lang='lat' dir='ltr'>iuxta</span> 
     </span>
     <span class='ocr_line' id='line_1_17' title="bbox 409 1950 2239 2036; baseline -0.001 -19"><span class='ocrx_word' id='word_1_102' title='bbox 409 1951 798 2017; x_wconf 89' lang='lat' dir='ltr'>seditionem</span> <span class='ocrx_word' id='word_1_103' title='bbox 853 1957 1121 2017; x_wconf 84' lang='lat' dir='ltr'>ventum</span> <span class='ocrx_word' id='word_1_104' title='bbox 1172 1952 1503 2036; x_wconf 91' lang='lat' dir='ltr'>multaque</span> <span class='ocrx_word' id='word_1_105' title='bbox 1559 1957 1625 2016; x_wconf 89' lang='lat' dir='ltr'>et</span> <span class='ocrx_word' id='word_1_106' title='bbox 1666 1952 1887 2035; x_wconf 90' lang='lat' dir='ltr'>plures</span> <span class='ocrx_word' id='word_1_107' title='bbox 1932 1972 2050 2036; x_wconf 90' lang='lat' dir='ltr'>per</span> <span class='ocrx_word' id='word_1_108' title='bbox 2096 1950 2239 2015; x_wconf 88' lang='lat' dir='ltr'>dies</span> 
     </span>
     <span class='ocr_line' id='line_1_18' title="bbox 407 2055 2239 2141; baseline -0.001 -21"><span class='ocrx_word' id='word_1_109' title='bbox 407 2057 474 2120; x_wconf 91' lang='lat' dir='ltr'>in</span> <span class='ocrx_word' id='word_1_110' title='bbox 520 2057 770 2121; x_wconf 86' lang='lat' dir='ltr'>theatro</span> <span class='ocrx_word' id='word_1_111' title='bbox 818 2055 1116 2119; x_wconf 87' lang='lat' dir='ltr'>licentius</span> <span class='ocrx_word' id='word_1_112' title='bbox 1178 2056 1528 2140; x_wconf 86' lang='lat' dir='ltr'>efflagitata</span> <span class='ocrx_word' id='word_1_113' title='bbox 1578 2077 1768 2141; x_wconf 90' lang='lat' dir='ltr'>quam</span> <span class='ocrx_word' id='word_1_114' title='bbox 1812 2056 2077 2120; x_wconf 83' lang='lat' dir='ltr'>solitum</span> <span class='ocrx_word' id='word_1_115' title='bbox 2123 2056 2239 2121; x_wconf 88' lang='lat' dir='ltr'>ad-</span> 
     </span>
     <span class='ocr_line' id='line_1_19' title="bbox 407 2160 2239 2245; baseline -0.002 -19"><span class='ocrx_word' id='word_1_116' title='bbox 407 2182 668 2227; x_wconf 82' lang='lat' dir='ltr'>versum</span> <span class='ocrx_word' id='word_1_117' title='bbox 683 2160 1162 2244; x_wconf 87' lang='lat' dir='ltr'>imperatorem.</span> <span class='ocrx_word' id='word_1_118' title='bbox 1220 2162 1363 2245; x_wconf 91' lang='lat' dir='ltr'>quis</span> <span class='ocrx_word' id='word_1_119' title='bbox 1390 2164 1747 2225; x_wconf 89' lang='lat' dir='ltr'>commotus</span> <span class='ocrx_word' id='word_1_120' title='bbox 1769 2160 2084 2224; x_wconf 86' lang='lat' dir='ltr'>incusavit</span> <span class='ocrx_word' id='word_1_121' title='bbox 2102 2179 2239 2223; x_wconf 85' lang='lat' dir='ltr'>ma-</span> 
     </span>
     <span class='ocr_line' id='line_1_20' title="bbox 367 2246 2238 2350; baseline 0 -24"><span class='ocrx_word' id='word_1_122' title='bbox 367 2289 392 2326; x_wconf 84' lang='lat'><strong>5</strong></span> <span class='ocrx_word' id='word_1_123' title='bbox 410 2265 712 2350; x_wconf 87' lang='lat' dir='ltr'>gistratus</span> <span class='ocrx_word' id='word_1_124' title='bbox 756 2269 1121 2347; x_wconf 89' lang='lat' dir='ltr'>patresque,</span> <span class='ocrx_word' id='word_1_125' title='bbox 1169 2263 1345 2347; x_wconf 91' lang='lat' dir='ltr'>quod</span> <span class='ocrx_word' id='word_1_126' title='bbox 1388 2284 1515 2327; x_wconf 91' lang='lat' dir='ltr'>non</span> <span class='ocrx_word' id='word_1_127' title='bbox 1564 2263 1821 2348; x_wconf 88' lang='lat' dir='ltr'>publica</span> <span class='ocrx_word' id='word_1_128' title='bbox 1848 2246 2238 2328; x_wconf 85' lang='lat' dir='ltr'>auctoritate</span> 
     </span>
     <span class='ocr_line' id='line_1_21' title="bbox 409 2365 2236 2453; baseline -0.002 -21"><span class='ocrx_word' id='word_1_129' title='bbox 409 2368 723 2453; x_wconf 91' lang='lat' dir='ltr'>populum</span> <span class='ocrx_word' id='word_1_130' title='bbox 768 2369 1222 2448; x_wconf 83' lang='lat' dir='ltr'>coercuissent,</span> <span class='ocrx_word' id='word_1_131' title='bbox 1268 2365 1643 2451; x_wconf 86' lang='lat' dir='ltr'>addiditque</span> <span class='ocrx_word' id='word_1_132' title='bbox 1692 2367 1920 2452; x_wconf 91' lang='lat' dir='ltr'>quibus</span> <span class='ocrx_word' id='word_1_133' title='bbox 1967 2387 2052 2430; x_wconf 83' lang='lat' dir='ltr'>ex</span> <span class='ocrx_word' id='word_1_134' title='bbox 2080 2386 2236 2451; x_wconf 88' lang='lat' dir='ltr'>pro-</span> 
     </span>
     <span class='ocr_line' id='line_1_22' title="bbox 411 2469 2233 2556; baseline -0.002 -19"><span class='ocrx_word' id='word_1_135' title='bbox 411 2471 631 2537; x_wconf 86' lang='lat' dir='ltr'>vinciis</span> <span class='ocrx_word' id='word_1_136' title='bbox 671 2476 736 2534; x_wconf 88' lang='lat' dir='ltr'>et</span> <span class='ocrx_word' id='word_1_137' title='bbox 765 2477 1002 2556; x_wconf 87' lang='lat' dir='ltr'>quanto</span> <span class='ocrx_word' id='word_1_138' title='bbox 1037 2472 1347 2536; x_wconf 84' lang='lat' dir='ltr'>maiorem</span> <span class='ocrx_word' id='word_1_139' title='bbox 1380 2492 1569 2555; x_wconf 85' lang='lat' dir='ltr'>quam</span> <span class='ocrx_word' id='word_1_140' title='bbox 1600 2470 1937 2554; x_wconf 87' lang='lat' dir='ltr'>Augustus</span> <span class='ocrx_word' id='word_1_141' title='bbox 1974 2470 2069 2534; x_wconf 91' lang='lat' dir='ltr'>rei</span> <span class='ocrx_word' id='word_1_142' title='bbox 2098 2469 2233 2533; x_wconf 82' lang='lat' dir='ltr'>fru-</span> 
     </span>
     <span class='ocr_line' id='line_1_23' title="bbox 409 2572 2236 2661; baseline -0.002 -20"><span class='ocrx_word' id='word_1_143' title='bbox 409 2576 762 2641; x_wconf 89' lang='lat' dir='ltr'>mentariae</span> <span class='ocrx_word' id='word_1_144' title='bbox 784 2578 1034 2661; x_wconf 91' lang='lat' dir='ltr'>copiam</span> <span class='ocrx_word' id='word_1_145' title='bbox 1058 2575 1452 2642; x_wconf 84' lang='lat' dir='ltr'>advectaret.</span> <span class='ocrx_word' id='word_1_146' title='bbox 1515 2580 1606 2639; x_wconf 88' lang='lat' dir='ltr'>ita</span> <span class='ocrx_word' id='word_1_147' title='bbox 1627 2574 2038 2659; x_wconf 83' lang='lat' dir='ltr'>castigandae</span> <span class='ocrx_word' id='word_1_148' title='bbox 2057 2572 2236 2657; x_wconf 87' lang='lat' dir='ltr'>plebi</span> 
     </span>
     <span class='ocr_line' id='line_1_24' title="bbox 411 2678 2234 2763; baseline 0.001 -21"><span class='ocrx_word' id='word_1_149' title='bbox 411 2678 837 2763; x_wconf 84' lang='lat' dir='ltr'>compositum</span> <span class='ocrx_word' id='word_1_150' title='bbox 855 2684 1116 2745; x_wconf 87' lang='lat' dir='ltr'>senatus</span> <span class='ocrx_word' id='word_1_151' title='bbox 1138 2679 1501 2745; x_wconf 87' lang='lat' dir='ltr'>consultum</span> <span class='ocrx_word' id='word_1_152' title='bbox 1518 2678 1729 2762; x_wconf 90' lang='lat' dir='ltr'>prisca</span> <span class='ocrx_word' id='word_1_153' title='bbox 1752 2678 2097 2742; x_wconf 84' lang='lat' dir='ltr'>severitate</span> <span class='ocrx_word' id='word_1_154' title='bbox 2117 2698 2234 2743; x_wconf 91' lang='lat' dir='ltr'>ne-</span> 
     </span>
     <span class='ocr_line' id='line_1_25' title="bbox 340 2782 2237 2867; baseline 0.001 -23"><span class='ocrx_word' id='word_1_155' title='bbox 340 2803 390 2845; x_wconf 89' lang='lat'>10</span> <span class='ocrx_word' id='word_1_156' title='bbox 410 2803 536 2867; x_wconf 91' lang='lat' dir='ltr'>que</span> <span class='ocrx_word' id='word_1_157' title='bbox 561 2783 824 2867; x_wconf 87' lang='lat' dir='ltr'>segnius</span> <span class='ocrx_word' id='word_1_158' title='bbox 852 2785 1147 2849; x_wconf 88' lang='lat' dir='ltr'>consules</span> <span class='ocrx_word' id='word_1_159' title='bbox 1171 2783 1457 2849; x_wconf 81' lang='lat' dir='ltr'>edixere.</span> <span class='ocrx_word' id='word_1_160' title='bbox 1518 2783 1842 2867; x_wconf 83' lang='lat' dir='ltr'>silentium</span> <span class='ocrx_word' id='word_1_161' title='bbox 1866 2782 2067 2866; x_wconf 89' lang='lat' dir='ltr'>ipsius</span> <span class='ocrx_word' id='word_1_162' title='bbox 2098 2802 2237 2846; x_wconf 94' lang='lat' dir='ltr'>non</span> 
     </span>
     <span class='ocr_line' id='line_1_26' title="bbox 409 2886 2233 2973; baseline -0.002 -21"><span class='ocrx_word' id='word_1_163' title='bbox 409 2888 615 2972; x_wconf 83' lang='lat' dir='ltr'>civile,</span> <span class='ocrx_word' id='word_1_164' title='bbox 648 2896 718 2953; x_wconf 91' lang='lat' dir='ltr'>ut</span> <span class='ocrx_word' id='word_1_165' title='bbox 751 2888 1130 2972; x_wconf 85' lang='lat' dir='ltr'>crediderat,</span> <span class='ocrx_word' id='word_1_166' title='bbox 1163 2888 1281 2954; x_wconf 89' lang='lat' dir='ltr'>sed</span> <span class='ocrx_word' id='word_1_167' title='bbox 1311 2890 1377 2953; x_wconf 88' lang='lat' dir='ltr'>in</span> <span class='ocrx_word' id='word_1_168' title='bbox 1395 2888 1759 2973; x_wconf 90' lang='lat' dir='ltr'>superbiam</span> <span class='ocrx_word' id='word_1_169' title='bbox 1776 2886 2233 2970; x_wconf 87' lang='lat' dir='ltr'>accipiebatur.</span> 
     </span>
     <span class='ocr_line' id='line_1_27' title="bbox 542 2990 2234 3075; baseline -0.001 -20"><span class='ocrx_word' id='word_1_170' title='bbox 542 2994 642 3055; x_wconf 91' lang='grc'>14.</span> <span class='ocrx_word' id='word_1_171' title='bbox 705 2994 869 3058; x_wconf 85' lang='lat' dir='ltr'>Fine</span> <span class='ocrx_word' id='word_1_172' title='bbox 915 2995 1064 3059; x_wconf 87' lang='lat' dir='ltr'>anni</span> <span class='ocrx_word' id='word_1_173' title='bbox 1112 2992 1479 3075; x_wconf 72' lang='lat' dir='ltr'>GeminiuS,</span> <span class='ocrx_word' id='word_1_174' title='bbox 1540 2992 1801 3073; x_wconf 80' lang='lat' dir='ltr'>Celsus,</span> <span class='ocrx_word' id='word_1_175' title='bbox 1861 2990 2234 3075; x_wconf 85' lang='lat' dir='ltr'>Pompeius,</span> 
     </span>
     <span class='ocr_line' id='line_1_28' title="bbox 409 3093 2232 3183; baseline -0.004 -20"><span class='ocrx_word' id='word_1_176' title='bbox 409 3096 658 3183; x_wconf 90' lang='lat' dir='ltr'>equites</span> <span class='ocrx_word' id='word_1_177' title='bbox 701 3094 1016 3177; x_wconf 88' lang='lat' dir='ltr'>Romani,</span> <span class='ocrx_word' id='word_1_178' title='bbox 1076 3093 1369 3159; x_wconf 89' lang='lat' dir='ltr'>cecidere</span> <span class='ocrx_word' id='word_1_179' title='bbox 1434 3094 1891 3159; x_wconf 89' lang='lat' dir='ltr'>coniurationis</span> <span class='ocrx_word' id='word_1_180' title='bbox 1936 3093 2232 3175; x_wconf 89' lang='lat' dir='ltr'>crimine;</span> 
     </span>
     <span class='ocr_line' id='line_1_29' title="bbox 409 3198 2235 3285; baseline -0.001 -20"><span class='ocrx_word' id='word_1_181' title='bbox 409 3223 495 3266; x_wconf 81' lang='lat' dir='ltr'>ex</span> <span class='ocrx_word' id='word_1_182' title='bbox 537 3201 676 3285; x_wconf 91' lang='lat' dir='ltr'>quis</span> <span class='ocrx_word' id='word_1_183' title='bbox 726 3198 1058 3263; x_wconf 84' lang='lat' dir='ltr'>Geminius</span> <span class='ocrx_word' id='word_1_184' title='bbox 1115 3200 1527 3285; x_wconf 86' lang='lat' dir='ltr'>prodigentia</span> <span class='ocrx_word' id='word_1_185' title='bbox 1588 3219 1782 3284; x_wconf 89' lang='lat' dir='ltr'>opum</span> <span class='ocrx_word' id='word_1_186' title='bbox 1828 3220 1902 3263; x_wconf 89' lang='lat' dir='ltr'>ac</span> <span class='ocrx_word' id='word_1_187' title='bbox 1960 3198 2235 3277; x_wconf 82' lang='lat' dir='ltr'>mollitia</span> 
     </span>
     <span class='ocr_line' id='line_1_30' title="bbox 407 3302 2231 3385; baseline -0.002 -15"><span class='ocrx_word' id='word_1_188' title='bbox 407 3307 580 3370; x_wconf 82' lang='lat' dir='ltr'>vitae</span> <span class='ocrx_word' id='word_1_189' title='bbox 627 3304 868 3369; x_wconf 86' lang='lat' dir='ltr'>amicus</span> <span class='ocrx_word' id='word_1_190' title='bbox 914 3302 1182 3385; x_wconf 81' lang='lat' dir='ltr'>Seian0,</span> <span class='ocrx_word' id='word_1_191' title='bbox 1229 3303 1389 3367; x_wconf 89' lang='lat' dir='ltr'>nihil</span> <span class='ocrx_word' id='word_1_192' title='bbox 1435 3302 1520 3368; x_wconf 89' lang='lat' dir='ltr'>ad</span> <span class='ocrx_word' id='word_1_193' title='bbox 1565 3303 1824 3367; x_wconf 90' lang='lat' dir='ltr'>serium.</span> <span class='ocrx_word' id='word_1_194' title='bbox 1916 3310 1983 3367; x_wconf 90' lang='lat' dir='ltr'>et</span> <span class='ocrx_word' id='word_1_195' title='bbox 2027 3302 2231 3367; x_wconf 86' lang='lat' dir='ltr'>Iulius</span> 
     </span>
     <span class='ocr_line' id='line_1_31' title="bbox 369 3407 2231 3475; baseline -0.001 -2"><span class='ocrx_word' id='word_1_196' title='bbox 369 3410 637 3475; x_wconf 68' lang='lat' dir='ltr'>soelsus</span> <span class='ocrx_word' id='word_1_197' title='bbox 701 3409 990 3474; x_wconf 88' lang='lat' dir='ltr'>tribunus</span> <span class='ocrx_word' id='word_1_198' title='bbox 1050 3410 1120 3473; x_wconf 93' lang='lat' dir='ltr'>in</span> <span class='ocrx_word' id='word_1_199' title='bbox 1174 3409 1401 3473; x_wconf 86' lang='lat' dir='ltr'>vinclis</span> <span class='ocrx_word' id='word_1_200' title='bbox 1466 3409 1747 3472; x_wconf 85' lang='lat' dir='ltr'>laxatam</span> <span class='ocrx_word' id='word_1_201' title='bbox 1811 3412 2102 3472; x_wconf 88' lang='lat' dir='ltr'>catenam</span> <span class='ocrx_word' id='word_1_202' title='bbox 2162 3407 2231 3472; x_wconf 90' lang='lat' dir='ltr'>in</span> 
     </span>
    </p>
   </div>
   <div class='ocr_carea' id='block_1_3' title="bbox 2425 837 2439 1842">
    <p class='ocr_par' dir='ltr' id='par_1_3' title="bbox 2425 837 2439 1842">
     <span class='ocr_line' id='line_1_32' title="bbox 2425 837 2439 1842; baseline 0 0"><span class='ocrx_word' id='word_1_203' title='bbox 2425 837 2439 1842; x_wconf 95' lang='lat' dir='ltr'> </span> 
     </span>
    </p>
   </div>
   <div class='ocr_carea' id='block_1_4' title="bbox 2424 2132 2439 3377">
    <p class='ocr_par' dir='ltr' id='par_1_4' title="bbox 2424 2132 2439 3377">
     <span class='ocr_line' id='line_1_33' title="bbox 2424 2132 2439 3377; baseline 0 0"><span class='ocrx_word' id='word_1_204' title='bbox 2424 2132 2439 3377; x_wconf 95' lang='lat' dir='ltr'> </span> 
     </span>
    </p>
   </div>
  </div>
 </body>
</html>
