2467 3900
358 219 385 273 1
396 218 468 273 12
988 222 1264 262 CORNELII
1290 222 1486 261 TAcrrI

356 381 548 446 dubie
611 381 995 446 Germaniae
1059 386 1125 446 et
1187 382 1297 466 qui
1353 403 1484 446 non
1541 366 1894 466 primordia
1948 379 2173 462 populi

283 507 335 547 15
352 486 650 568 Romani,
697 486 860 550 sicut
890 485 997 550 alii
1028 507 1218 570 reges
1259 485 1604 570 ducesque,
1652 485 1770 550 sed
1798 485 2173 548 florentissi-

352 610 528 654 mum
558 590 896 674 imperium
917 589 1291 673 lacessierit,
1323 590 1589 674 proeliis
1609 591 1968 674 ambigUUS,
1999 588 2172 653 bello

352 715 484 758 non
528 693 753 758 victus.
830 699 1080 778 septem
1125 698 1191 758 et
1234 693 1498 778 triginta
1543 713 1744 757 annos
1774 693 1966 775 vitae,
2015 691 2175 755 duo-

356 797 564 862 decim
620 797 949 882 potentiae
1011 796 1302 881 explevit
1360 796 1730 880 caniturque
1777 797 1988 861 adhuc
2029 797 2177 861 bar-

353 904 541 968 baras
586 901 758 986 apud
787 905 1038 985 gentes,
1088 901 1487 965 Graecorum
1531 900 1865 964 annalibus
1896 902 2178 985 ignotus,

286 1025 337 1066 20
356 1008 462 1093 qui
508 1028 624 1072 sua
665 1012 916 1071 tantum
959 1006 1290 1088 mirantur,
1336 1004 1649 1069 Romanis
1693 1003 1869 1069 haud
1907 1003 2177 1087 perinde

358 1112 648 1194 celebriS,
722 1112 873 1208 dum
936 1117 1159 1176 vetera
1224 1111 1594 1175 extollimus
1659 1097 2040 1174 recentium'
2084 1109 2179 1170 in-

357 1237 611 1281 curiosl.

774 1518 1310 1602 CORNELII
1372 1519 1757 1602 TAOITI

572 1690 702 1762 AB
758 1689 1201 1764 EXGESSU
1254 1688 1472 1762 DIVI
1525 1688 1972 1763 AUGUSTI

1058 1843 1306 1901 LIBER
1348 1843 1466 1902 ΠΙ.

497 2132 551 2195 1.
615 2130 799 2194 Nihil
842 2129 1203 2193 intermissa
1246 2130 1660 2215 navigatione
1707 2130 1960 2195 hiberni
1989 2132 2181 2196 maris

359 2235 719 2322 Agrippina
766 2233 1113 2318 Corcyram
1156 2235 1429 2299 insulam
1459 2235 1801 2300 advehitur
1832 2236 2022 2300 litora
2057 2236 2179 2299 Ca-

359 2340 599 2405 labriae
668 2342 891 2402 contra
952 2336 1156 2402 sitam.
1246 2337 1376 2402 illic
1423 2330 1678 2423 'paucos
1739 2338 1878 2403 dies
1936 2360 2178 2423 conpo-

357 2442 573 2507 nendo
632 2441 845 2506 animo
906 2440 1203 2523 insumit,
1262 2440 1547 2506 violenta
1608 2444 1786 2506 luctu
1846 2448 1910 2507 et
1963 2444 2182 2508 nescia

315 2546 699 2614 stolerandi.
792 2545 1051 2609 interim
1109 2543 1394 2608 adventu
1455 2546 1594 2609 eius
1639 2546 1858 2610 audito
1916 2546 2179 2611 intimus

359 2653 629 2736 quisque
667 2649 1017 2714 amicorum
1049 2653 1114 2711 et
1144 2648 1436 2733 plerique
1467 2649 1795 2732 militareS,
1839 2656 1911 2715 ut
1941 2652 2177 2736 quique

358 2754 475 2818 sub
510 2754 891 2818 Germanico
940 2750 1262 2835 stipendia
1290 2751 1596 2833 fecerant,
1641 2752 1952 2836 multique
1985 2754 2178 2817 etiam

356 2858 565 2942 ignoti
608 2856 835 2921 vicinis
883 2876 919 2919 e
964 2855 1349 2939 municipiis,
1396 2876 1543 2939 pars
1592 2856 1870 2921 officium
1905 2858 1971 2921 in
2001 2859 2176 2942 prin-

361 2962 569 3045 cipem
613 2960 756 3042 rati,
802 2960 1021 3041 plures
1065 2959 1214 3022 illos
1261 2960 1485 3041 secuti,
1531 2980 1720 3025 ruere
1752 2962 1834 3025 ad
1869 2962 2178 3051 Oppi-dum

288 3090 339 3129 ιο
357 3064 790 3144 Brundisium,
817 3062 989 3147 quod
1012 3063 1342 3145 naviganti
1360 3063 1763 3128 celerrimum
1777 3064 2178 3130 fidissimum-

358 3191 480 3256 que
527 3168 802 3253 adpulsu
848 3172 1002 3232 erat.
1079 3173 1271 3251 atque
1317 3167 1428 3232 ubi
1453 3167 1728 3251 primum
1761 3188 1847 3233 ex
1879 3170 2009 3234 alto
2043 3171 2177 3235 visa

359 3275 599 3357 classiS,
648 3272 1051 3356 complentur
1094 3292 1225 3334 non
1271 3269 1467 3335 modo
1515 3275 1740 3354 portus
1786 3278 1852 3337 et
1882 3272 2180 3358 proxima

359 3378 551 3443 maris
620 3376 739 3442 sed
798 3376 1057 3442 moenia
1118 3396 1192 3440 ac
1262 3380 1436 3439 tecta
1494 3395 1745 3459 quaque
1803 3377 2175 3461 longissime
