2467 3900
378 193 489 253 10'6
1035 201 1313 242 connnnu
1339 200 1535 243 mern

370 359 470 424 ius
513 362 851 445 praetoris,
896 361 1047 427 huic
1092 363 1386 448 legiones
1435 363 1636 427 datas.
1713 360 1925 447 siquid
1963 361 2186 428 hostile

326 465 657 548 singruat,
720 487 911 551 quem
970 467 1198 531 iustius
1262 488 1438 531 arma
1503 467 1950 553 oppositurum
2009 486 2187 550 quam

351 569 479 654 ‹qui
522 570 720 652 legati
768 572 1215 638 auctoritatem
1263 579 1328 638 et
1371 573 1633 657 propria
1677 571 1978 637 mandata
2015 593 2187 638 acce·

369 674 584 758 perit?
630 675 1125 760 relinquendum
1156 675 1351 741 etiam
1383 675 1746 740 rumoribus
1777 675 2034 761 tempus
2067 696 2186 760 quo

370 784 737 842 senescant:
785 779 1165 864 plerumque
1212 780 1590 844 innocentes
1634 781 1880 845 recenti
1916 780 2188 846 invidiae

367 882 644 968 inpares.
735 888 799 946 at
861 883 913 946 si
974 889 1193 948 teneat
1256 884 1646 966 exercitum,
1710 890 1944 970 augeat
2006 885 2192 967 vireS,

295 1005 349 1046 ιο
368 987 599 1070 multa,
664 1007 829 1072 quae
891 987 1217 1073 provideri
1275 1009 1404 1052 non
1464 988 1740 1073 possint,
1805 988 2068 1052 fortuito
2127 988 2193 1053 in

352 1092 595 1156 -melius
669 1113 908 1157 casura.
1000 1107 1102 1176 ,an
1170 1091 1546 1157 festinamus
1616 1114 1760 1157 cum
1826 1091 2194 1158 Germanici

367 1196 686 1263 cineribus
718 1195 1068 1282 adpellere,
1106 1202 1177 1260 ut
1205 1202 1271 1262 te
1301 1195 1662 1261 inauditum
1691 1201 1757 1261 et
1786 1197 2192 1262 indefensum

287 1318 291 1322 ’
366 1302 659 1386 planctus
703 1299 1099 1386 Agrippinae
1162 1323 1237 1366 ac
1292 1302 1523 1384 vulgus
1570 1301 1939 1386 imperitum
1984 1302 2191 1387 primo

364 1413 622 1469 rumore
686 1405 985 1490 rapiant?
1054 1411 1153 1470 est
1190 1406 1330 1470 tibi
1387 1405 1724 1490 Augustae
1783 1406 2194 1487 conscientia,

294 1513 463 1572 west
497 1508 787 1573 Caesaris
832 1507 1033 1590 favor,
1080 1507 1196 1572 sed
1227 1508 1295 1573 in
1329 1510 1608 1590 o‘ccult03
1659 1514 1724 1574 et
1753 1510 1994 1594 perisse
2028 1510 2193 1575 Ger-

355 1612 680 1676 manicum
732 1612 894 1675 nulli
939 1611 1277 1677 iactantius
1323 1619 1616 1677 maerent
1661 1634 1851 1698 quam
1900 1613 2009 1699 qui
2053 1635 2192 1678 ma-

359 1715 534 1780 xime
581 1713 945 1781 laetantur.‘
1447 1771 1452 1776 .
1822 1703 1832 1712 ⁰

496 1821 595 1884 78.
656 1821 854 1886 Haud
901 1842 1135 1906 magna
1180 1822 1352 1886 mole
1385 1821 1537 1885 Piso
1585 1826 1920 1905 promptus
1951 1821 2186 1886 feroci-

356 1925 477 1991 bus
524 1927 589 1991 in
636 1927 1018 1993 sententiam
1066 1925 1340 1991 trahitur
1371 1925 1709 2010 missisque
1742 1923 1825 1989 ad
1855 1924 2187 1990 Tiberium

358 2030 649 2114 epistulis
694 2031 943 2097 incusat
977 2032 1433 2099 Germanicum
1478 2032 1670 2095 luxus
1717 2036 1783 2095 et
1815 2030 2185 2115 superbiae3

354 2154 555 2219 seque
614 2136 901 2220 pulsum,
964 2142 1036 2199 ut
1091 2138 1273 2201 locus
1332 2135 1524 2201 rebus
1583 2134 1768 2200 novis
1827 2135 2185 2221 patefieret,

310 2262 573 2308 scuram
633 2235 954 2305 exercitus
1002 2240 1232 2306 eadem
1276 2240 1404 2305 fide
1452 2261 1577 2325 qua
1621 2240 1902 2305 tenuerit
1946 2239 2184 2325 repeti·

355 2346 545 2408 visse.
634 2343 821 2408 simul
865 2345 1223 2411 Domitium
1283 2346 1635 2430 inpositum
1687 2344 1931 2409 triremi
1980 2346 2183 2411 vitare

353 2447 615 2511 litorum
641 2532 649 2540 .
677 2468 855 2513 oram
913 2455 1298 2535 praeterque
1353 2450 1593 2514 insulas
1649 2451 1780 2514 lato
1835 2449 1993 2513 mari
2039 2470 2184 2534 per·

354 2570 509 2633 gere
573 2551 639 2614 in
698 2551 949 2617 Suriam
1005 2551 1205 2618 iubet.
1300 2560 1752 2619 concurrentes
1819 2552 2184 2618 desertores

354 2674 471 2739 per
515 2656 875 2740 manipulos
920 2657 1259 2742 conponit,
1309 2664 1513 2722 armat
1557 2658 1724 2721 lixas
1769 2659 2180 2740 traiectisque

284 2786 337 2825 10
352 2758 417 2821 in
475 2759 911 2825 continentem
953 2762 1221 2826 navibus
1266 2760 1578 2826 vexillum
1623 2762 1902 2825 tironum
1948 2761 2014 2826 in
2059 2761 2178 2826 Su·

352 2863 512 2926 riam
574 2863 863 2928 euntium
924 2866 1282 2950 intercipit,
1345 2865 1586 2949 regulis
1647 2865 1919 2931 Cilicum
1981 2871 2052 2930 ut
2111 2886 2180 2932 se

351 2966 607 3031 'auxiliis
666 2967 964 3033 iuvarent
1022 2969 1274 3053 scribit,
1333 2969 1505 3033 haud
1563 2969 1802 3054 ignavo
1860 2968 1940 3033 ad
1995 2970 2182 3035 mini·

354 3073 548 3138 steria
590 3072 746 3137 belli
789 3073 1023 3137 iuvene
1069 3074 1338 3156 Pisone,
1395 3094 1779 3159 quamquam
1828 3073 2177 3158 suscipien-

352 3177 505 3242 dum
547 3177 790 3243 bellum
836 3178 1179 3243 abnuisset.

482 3285 583 3349 79.
644 3282 852 3369 Igitur
900 3303 1078 3348 oram
1108 3282 1347 3367 Lyciae
1397 3305 1470 3348 ac
1516 3283 1941 3369 Pamphyliae
1989 3304 2176 3369 prae-

353 3384 645 3471 legentes
708 3387 912 3454 obviis
968 3385 1238 3451 navibus
1299 3406 1462 3471 quae
1507 3384 1937 3472 Agrippinam
1981 3388 2180 3453 vehe-
