2467 3900
674 259 748 298 AB
775 259 1027 299 EXGESSU
1052 259 1183 299 DIVI
1208 258 1465 299 AUGUSTI
1490 259 1554 299 IV
1581 259 1750 300 69—72.
2006 257 2121 316 209

294 420 549 504 tei-ique
593 419 816 502 flagitii
845 418 984 484 eius
1016 423 1386 503 repertores
1414 419 1719 502 habuere,
1764 441 1894 485 non
1925 421 2121 486 modo

300 529 644 608 postquam
710 521 907 586 Gaius
969 522 1206 586 Caesar
1268 543 1485 586 rerum
1543 525 1787 606 potitus
1852 531 1951 590 est
2008 524 2167 592 seds

297 628 607 694 ineolumi
650 627 930 708 Tiberio,
975 627 1086 710 qui
1131 628 1449 692 scelerum
1490 628 1817 692 ministros
1862 637 1933 694 ut
1978 651 2123 715 per-

299 734 469 799 verti
525 731 608 797 ab
665 731 808 796 aliis
866 729 1132 794 nolebat
1187 731 1279 795 ita
1321 732 1705 816 plerumque
1751 733 2015 797 satiatus
2062 741 2127 800 et

301 837 537 904 oblatis
583 838 651 900 in
697 836 972 901 eandem
1033 855 1301 920 operam
1342 837 1715 902 recentibus
1757 843 2013 902 veteres
2060 843 2128 902 et

297 961 691 1029 praegraves
721 939 1001 1005 adflixit:
1033 960 1260 1003 verum
1288 939 1405 1004 has
1438 945 1631 1025 atque
1660 940 1819 1005 alias
1850 942 2128 1006 sontium

299 1067 547 1132 poenas
583 1045 652 1110 in
679 1051 975 1128 tempore
1005 1043 1357 1107 trademus.
1416 1050 1555 1110 tum
1587 1047 1835 1134 censuit
1860 1045 2127 1111 Asinius
2150 1068 2197 1106 10

303 1152 558 1232 GalluS,
606 1149 786 1214 ouius
814 1147 1165 1212 liberorum
1197 1147 1563 1234 Agrippina
1592 1155 1938 1214 matertera
1970 1155 2127 1232 erat,

227 1276 234 1282 ·
302 1253 660 1341 petendum
704 1273 743 1315 a
786 1250 1074 1337 principe
1121 1257 1192 1315 ut
1238 1257 1447 1318 metus
1494 1275 1643 1318 suos
1676 1254 1925 1318 senatui
1965 1254 2125 1318 fate-

300 1363 486 1424 retur
527 1355 940 1438 amoverique
967 1354 1228 1419 sineret.
1302 1355 1544 1420 nullam
1576 1376 1781 1440 aeque
1812 1357 2129 1440 Tiberius,

307 1469 380 1527 ut
410 1461 693 1542 rebatur,
726 1480 811 1523 ex
834 1458 1176 1522 virtutibus
1195 1459 1327 1524 suis
1347 1480 1538 1543 quam
1558 1459 2128 1526 dissimulationem

306 1566 652 1651 diligebat:
699 1584 777 1628 eo
825 1563 1080 1647 aegrius
1113 1564 1363 1648 aooepit
1404 1562 1653 1628 recludi
1681 1584 1845 1648 quae
1876 1584 2128 1648 preme·
2152 1593 2201 1631 15

304 1678 426 1737 ret.
491 1669 606 1734 sed
636 1666 955 1749 mitigavit
978 1665 1269 1746 SeianuS,
1301 1687 1435 1731 non
1460 1667 1632 1732 Galli
1662 1688 1882 1733 amore
1905 1689 2133 1734 verum

304 1783 381 1840 ut
421 1773 836 1840 eounotatione
894 1770 1200 1855 principis
1260 1771 1536 1854 periret,
1594 1790 1832 1853 gnarus
1888 1773 2133 1838 lentum

245 1955 248 1963 Ι
305 1881 376 1945 in
438 1874 813 1943 meditando
834 1924 852 1959 ,
919 1874 1030 1938 ubi
1091 1873 1523 1960 prorupisset,
1593 1875 1878 1940 tristibus
1947 1877 2133 1942 dictis

303 1986 552 2051 atrocia
594 1984 760 2049 faeta
807 1982 1222 2065 coniungere.

443 2090 544 2153 72.
595 2086 848 2152 Eodem
877 2105 1042 2151 anno
1069 2084 1279 2166 Frisii,
1312 2085 1811 2150 transrhenanus
1834 2087 2133 2170 populus,

307 2213 539 2281 paoem
595 2212 839 2258 exuere
897 2195 1120 2255 nostra
1174 2190 1381 2272 magis
1440 2188 1711 2253 avaritia
1766 2210 1959 2275 quam
2018 2190 2131 2254 ob-

307 2298 520 2381 sequii
577 2296 986 2381 inpatientes.
1075 2293 1387 2358 tributum
1442 2293 1522 2357 iis
1564 2292 1815 2357 Drusus
1859 2293 2134 2359 iusserat

313 2402 644 2467 modicum
671 2418 788 2484 pro
821 2398 1118 2482 angustia
1147 2383 1381 2480 rerum,
1428 2402 1502 2461 ut
1546 2398 1613 2462 in
1644 2417 1795 2465 usus
1825 2398 2135 2463 militares

312 2506 490 2571 coria
546 2504 744 2569 boum
804 2501 1200 2586 penderent,
1264 2520 1395 2564 non
1457 2500 1703 2565 intenta
1765 2502 2179 2588 cuiusquams

310 2632 466 2675 eura
511 2630 675 2695 quae
717 2606 1064 2688 firmitudo,
1110 2625 1275 2690 quae
1320 2626 1637 2687 mensura,
1684 2606 1892 2672 donee
1940 2608 2135 2673 Olen-

311 2715 458 2779 nius
522 2734 558 2777 e
617 2710 1120 2797 primipilaribus
1177 2707 1484 2793 regendis
1542 2708 1765 2773 Frisiis
1822 2711 2139 2796 inpositus

311 2825 501 2903 terga
542 2836 806 2880 urorum
856 2814 1129 2898 delegit,
1188 2834 1463 2898 quorum
1522 2814 1607 2878 ad
1664 2815 1938 2881 formam
1984 2836 2138 2882 oon-

311 2927 711 3009 pararentur,
755 2904 763 2912 ⁸
799 2919 868 2983 id
927 2919 1068 2983 aliis
1127 2938 1385 3003 quoque
1443 2918 1812 2982 nationibus
1858 2920 2138 2985 *arduum

310 3028 489 3113 apud
518 3028 878 3092 Germanos
909 3022 1230 3088 difficilius
1277 3022 1693 3106 tolerabatur,
1739 3024 1882 3108 quis
1912 3024 2137 3109 ingen·
2159 3051 2212 3091 10

311 3134 478 3197 tium
531 3132 868 3197 beluarum
925 3128 1172 3193 feraces
1219 3128 1453 3209 saltus,
1517 3127 1773 3192 modica
1818 3128 1995 3192 domi
2040 3151 2140 3193 ar-

311 3242 534 3303 menta
577 3239 744 3299 sunt.
833 3254 909 3297 ao
954 3232 1164 3317 primo
1211 3232 1415 3297 boves
1460 3232 1668 3316 ipsos,
1724 3252 1881 3295 mox
1926 3253 2137 3317 agros,

315 3348 644 3427 postremo
708 3357 981 3423 corpora
1041 3336 1390 3419 coniugum
1449 3340 1559 3399 aut
1602 3335 1957 3401 liberorum
2002 3357 2136 3401 ser-

313 3444 475 3509 vitio
520 3442 882 3508 tradebant.
944 3441 1095 3506 hine
1131 3441 1226 3504 ira
1259 3444 1324 3504 et
1355 3443 1639 3523 questus,
1686 3447 1754 3506 et
1796 3446 2137 3527 postquam
