2467 3900
686 277 759 318 AB
787 276 1039 318 EXOESSU
1066 277 1197 316 DIVI
1224 275 1480 316 AUGUSTI
1507 274 1553 314 11
1579 274 1746 314 65—69.
2013 266 2117 323 101

288 428 555 504 functus
589 437 794 520 datur,
828 435 935 522 qui
963 429 1238 521 regnum
1269 434 1527 499 interim
1546 437 1871 516 tractaret,
1905 453 2124 496 exem-

296 545 408 630 plo
478 563 603 628 quo
663 542 942 606 maiores
985 541 1075 607 M.
1120 538 1443 624 Lepidum
1484 537 1846 602 Ptolemaei
1904 536 2126 601 liberis

294 653 584 713 tutorem
661 647 727 712 in
801 644 1179 731 Aegyptum
1251 643 1574 709 miserant.
1685 642 2127 729 Rhescuporis
2147 660 2198 699 15

292 750 767 818 Alexandriam
833 750 1139 816 devectus
1203 755 1396 835 atque
1457 749 1588 813 illic
1646 748 1863 833 fugam
1919 753 2128 834 temp-

296 867 445 923 tans
492 879 573 923 an
616 852 765 921 ficto
818 855 1077 922 crimine
1122 843 1526 920 interficitur.

322 951 329 956 ’
435 963 539 1028 68.
605 962 735 1027 Per
763 961 940 1026 idem
970 966 1223 1045 tempus
1254 959 1592 1040 VononeS,
1623 977 1814 1043 quem
1845 963 2130 1023 amotum

300 1055 369 1131 in
418 1064 712 1130 Ciliciam
754 1064 1131 1146 memoravi,
1179 1063 1498 1148 corruptis
1545 1061 1920 1126 custodibus
1969 1062 2148 1126 effu·'

300 1190 460 1255 gere
520 1169 604 1233 ad
648 1167 1033 1250 Armenios,
1090 1166 1244 1231 inde
1292 1164 1583 1231 Albanos
1628 1164 2132 1251 Heniochosque

302 1281 373 1340 et
419 1274 969 1358 consanguineum
1016 1271 1136 1336 sibi
1181 1293 1406 1356 regem
1437 1271 1821 1355 Scytharum
1867 1275 2134 1335 conatus

304 1382 427 1443 est.
518 1378 735 1463 specie
781 1374 1063 1442 venandi
1109 1375 1360 1438 omissis
1405 1374 1738 1438 maritimis
1783 1374 1946 1438 locis
1993 1374 2178 1439 avia‘s

302 1475 584 1546 saltuum
626 1481 847 1564 petiit,
908 1501 1065 1544 mox
1123 1479 1506 1565 pernicitate
1555 1478 1705 1564 equi
1752 1478 1835 1542 ad
1882 1499 2138 1543 amnem

305 1579 656 1669 Pyramum
685 1584 1039 1667 contendit,
1072 1586 1254 1649 cuius
1284 1592 1518 1670 pontes
1550 1586 1811 1650 accolae
1829 1591 2138 1670 ruperant

306 1689 531 1754 audita
573 1689 747 1773 regis
792 1690 980 1775 fuga:
1028 1709 1240 1774 neque
1288 1688 1454 1753 vado
1503 1689 1831 1774 penetrari
1861 1696 2136 1775 poterat.
2185 1705 2189 1709 '

304 1784 506 1879 igitur
539 1795 615 1860 in
660 1796 796 1881 ripa
836 1795 1117 1864 fluminis
1146 1817 1185 1858 a
1213 1793 1410 1859 Vibio
1443 1793 1777 1858 Frontone
1809 1794 2152 1878 praefecto

307 1901 600 1985 equitum
644 1900 949 1965 vincitur:
998 1921 1155 1965 mox
1185 1899 1518 1965 Remmius
1567 1903 1892 1983 evocatus,
1938 1899 2140 1984 priori
2158 1915 2214 1955 10

307 2005 643 2071 custodiae
688 2006 862 2091 regis
908 2005 1276 2092 adpositus,
1324 2005 1506 2090 quasi
1549 2025 1667 2089 per
1710 2004 1871 2068 iram
1916 2003 2134 2086 gladio

312 2120 462 2175 eum
504 2110 820 2196 transigit.
895 2108 1068 2174 unde
1116 2111 1323 2173 maior
1365 2108 1526 2173 fides
1573 2108 1967 2172 conscientia
1999 2129 2135 2172 sce-

308 2215 465 2279 leris
512 2222 577 2280 et
619 2222 797 2279 metu
840 2213 1064 2279 indicii
1108 2219 1386 2277 mortem
1428 2213 1692 2278 Vononi
1736 2213 2020 2278 inlatam.

447 2322 549 2385 69.
616 2320 708 2386 At
756 2320 1175 2387 Germanicus
1206 2318 1514 2404 Aegypto
1560 2338 1857 2382 remeans
1891 2322 2139 2400 cuncta,

310 2445 478 2510 quae
537 2430 691 2509 aput
752 2425 1047 2509 legiones
1111 2427 1222 2487 aut
1280 2423 1474 2487 urbes
1532 2422 1837 2503 iusserat,
1903 2421 2144 2486 abolita

313 2528 419 2593 vel
477 2528 544 2592 in
592 2528 979 2593 contrarium
1037 2547 1227 2593 versa
1274 2525 1627 2610 cognoscit.
1716 2526 1868 2591 hinc
1911 2547 2144 2610 graves

313 2634 381 2699 in
424 2634 729 2699 Pisonem
793 2633 1221 2699 contumeliae
1276 2652 1398 2695 nec
1445 2630 1656 2694 minus
1702 2630 1934 2694 acerba
1980 2652 2144 2715 quae

314 2737 394 2801 ab
458 2737 570 2802 illo
632 2739 698 2802 in
762 2736 1108 2802 Caesarem
1168 2734 1669 2820 temptabantur.
1778 2734 1928 2799 dein
1989 2735 2143 2800 Piso
2166 2756 2190 2792 5
2272 2807 2277 2812 ⁸

315 2840 492 2907 abire
540 2841 725 2906 Suria
771 2840 1009 2905 statuit.
1058 2850 1215 2903 mox
1262 2838 1535 2903 adversa
1571 2838 1942 2909 Germanici
1971 2839 2146 2903 vale-

314 2943 539 3009 tudine
602 2944 935 3027 detentus,
997 2944 1108 3008 ubi
1163 2948 1522 3007 recreatum
1571 2940 1822 3028 accepit
1865 2949 2147 3028 votaque

315 3070 431 3135 pro
496 3050 939 3114 incolumitate
1005 3038 1455 3128 solvebantur,
1525 3046 1818 3111 admotas
1880 3047 2146 3131 hostias,

317 3154 735 3220 sacrificalem
816 3158 1230 3239 apparatum,
1312 3152 1540 3215 festam
1605 3149 2147 3216 Antiochensium

278 3260 577 3345 ,plebem
635 3281 751 3345 per
811 3258 1074 3323 lictores
1134 3257 1494 3342 proturbat.
1585 3261 1724 3320 tum
1783 3255 2145 3320 Seleuciam
2166 3281 2218 3320 10

318 3363 697 3453 degreditur
743 3362 1089 3447 opperiens
1134 3362 1632 3446 aegritudinem,
1681 3380 1844 3445 quae
1891 3381 2143 3425 rursum

320 3466 705 3533 Germanico
768 3464 1110 3531 acciderat.
1204 3486 1465 3529 saevam
1512 3464 1643 3528 vim
1691 3463 1901 3528 morbi
1948 3485 2145 3549 auge·
