<?xml version="1.0" encoding="UTF-8"?>
<!DOCTYPE html PUBLIC "-//W3C//DTD XHTML 1.0 Transitional//EN"
    "http://www.w3.org/TR/xhtml1/DTD/xhtml1-transitional.dtd">
<html xmlns="http://www.w3.org/1999/xhtml" xml:lang="en" lang="en">
 <head>
  <title>
</title>
<meta http-equiv="Content-Type" content="text/html;charset=utf-8" />
  <meta name='ocr-system' content='tesseract 3.04.00' />
  <meta name='ocr-capabilities' content='ocr_page ocr_carea ocr_par ocr_line ocrx_word'/>
</head>
<body>
  <div class='ocr_page' id='page_1' title='image "./corneliitacitia00gitlgoog_0148.png"; bbox 0 0 2467 3900; ppageno 0'>
   <div class='ocr_carea' id='block_1_1' title="bbox 363 200 1518 258">
    <p class='ocr_par' dir='ltr' id='par_1_1' title="bbox 363 200 1518 258">
     <span class='ocr_line' id='line_1_1' title="bbox 363 200 1518 258; baseline -0.007 -4"><span class='ocrx_word' id='word_1_1' title='bbox 363 200 473 258; x_wconf 79' lang='lat'>136</span> <span class='ocrx_word' id='word_1_2' title='bbox 1016 206 1294 248; x_wconf 70' lang='lat' dir='ltr'>commui</span> <span class='ocrx_word' id='word_1_3' title='bbox 1319 207 1518 247; x_wconf 70' lang='lat' dir='ltr'>mern</span> 
     </span>
    </p>
   </div>
   <div class='ocr_carea' id='block_1_2' title="bbox 282 367 2269 3468">
    <p class='ocr_par' dir='ltr' id='par_1_2' title="bbox 357 367 2188 766">
     <span class='ocr_line' id='line_1_2' title="bbox 360 367 2188 451; baseline 0.002 -20"><span class='ocrx_word' id='word_1_4' title='bbox 360 367 583 434; x_wconf 83' lang='lat' dir='ltr'>civitas</span> <span class='ocrx_word' id='word_1_5' title='bbox 631 367 785 432; x_wconf 81' lang='lat' dir='ltr'>olim</span> <span class='ocrx_word' id='word_1_6' title='bbox 831 367 1009 451; x_wconf 87' lang='lat' dir='ltr'>data,</span> <span class='ocrx_word' id='word_1_7' title='bbox 1070 389 1216 432; x_wconf 90' lang='lat' dir='ltr'>cum</span> <span class='ocrx_word' id='word_1_8' title='bbox 1261 368 1328 432; x_wconf 89' lang='lat' dir='ltr'>id</span> <span class='ocrx_word' id='word_1_9' title='bbox 1373 389 1587 433; x_wconf 90' lang='lat' dir='ltr'>rarum</span> <span class='ocrx_word' id='word_1_10' title='bbox 1630 391 1752 433; x_wconf 91' lang='lat' dir='ltr'>nec</span> <span class='ocrx_word' id='word_1_11' title='bbox 1797 370 1920 434; x_wconf 92' lang='lat' dir='ltr'>nisi</span> <span class='ocrx_word' id='word_1_12' title='bbox 1965 370 2188 435; x_wconf 86' lang='lat' dir='ltr'>virtuti</span> 
     </span>
     <span class='ocr_line' id='line_1_3' title="bbox 358 473 2183 559; baseline 0.001 -23"><span class='ocrx_word' id='word_1_13' title='bbox 358 473 639 558; x_wconf 89' lang='lat' dir='ltr'>pretium</span> <span class='ocrx_word' id='word_1_14' title='bbox 684 477 875 537; x_wconf 91' lang='lat' dir='ltr'>esset.</span> <span class='ocrx_word' id='word_1_15' title='bbox 963 473 1011 536; x_wconf 95' lang='lat' dir='ltr'>ii</span> <span class='ocrx_word' id='word_1_16' title='bbox 1054 475 1319 538; x_wconf 90' lang='lat' dir='ltr'>secretis</span> <span class='ocrx_word' id='word_1_17' title='bbox 1365 474 1741 559; x_wconf 89' lang='lat' dir='ltr'>conloquiis,</span> <span class='ocrx_word' id='word_1_18' title='bbox 1785 474 2183 538; x_wconf 89' lang='lat' dir='ltr'>ferocissimo</span> 
     </span>
     <span class='ocr_line' id='line_1_4' title="bbox 362 575 2188 662; baseline 0.003 -23"><span class='ocrx_word' id='word_1_19' title='bbox 362 597 617 661; x_wconf 91' lang='lat' dir='ltr'>quoque</span> <span class='ocrx_word' id='word_1_20' title='bbox 680 575 1020 662; x_wconf 91' lang='lat' dir='ltr'>adsumpto</span> <span class='ocrx_word' id='word_1_21' title='bbox 1084 583 1195 640; x_wconf 93' lang='lat' dir='ltr'>aut</span> <span class='ocrx_word' id='word_1_22' title='bbox 1259 576 1488 662; x_wconf 90' lang='lat' dir='ltr'>quibus</span> <span class='ocrx_word' id='word_1_23' title='bbox 1554 578 1636 642; x_wconf 95' lang='lat' dir='ltr'>ob</span> <span class='ocrx_word' id='word_1_24' title='bbox 1696 583 2052 662; x_wconf 80' lang='lat' dir='ltr'>egestatem</span> <span class='ocrx_word' id='word_1_25' title='bbox 2109 601 2188 644; x_wconf 94' lang='lat' dir='ltr'>ac</span> 
     </span>
     <span class='ocr_line' id='line_1_5' title="bbox 357 681 2183 766; baseline 0.001 -22"><span class='ocrx_word' id='word_1_26' title='bbox 357 687 602 746; x_wconf 87' lang='lat' dir='ltr'>metum</span> <span class='ocrx_word' id='word_1_27' title='bbox 648 701 733 744; x_wconf 85' lang='lat' dir='ltr'>ex</span> <span class='ocrx_word' id='word_1_28' title='bbox 774 681 1031 765; x_wconf 90' lang='lat' dir='ltr'>flagitiis</span> <span class='ocrx_word' id='word_1_29' title='bbox 1076 681 1357 745; x_wconf 87' lang='lat' dir='ltr'>maxima</span> <span class='ocrx_word' id='word_1_30' title='bbox 1401 681 1712 766; x_wconf 91' lang='lat' dir='ltr'>peccandi</span> <span class='ocrx_word' id='word_1_31' title='bbox 1751 681 2183 765; x_wconf 83' lang='lat' dir='ltr'>necessitudO,</span> 
     </span>
    </p>

    <p class='ocr_par' dir='ltr' id='par_1_3' title="bbox 290 785 2184 1282">
     <span class='ocr_line' id='line_1_6' title="bbox 290 785 2184 870; baseline 0.001 -22"><span class='ocrx_word' id='word_1_32' title='bbox 290 809 342 848; x_wconf 77' lang='grc' dir='ltr'>ιο</span> <span class='ocrx_word' id='word_1_33' title='bbox 360 791 755 870; x_wconf 90' lang='lat' dir='ltr'>componunt</span> <span class='ocrx_word' id='word_1_34' title='bbox 823 786 1057 850; x_wconf 86' lang='lat' dir='ltr'>Florus</span> <span class='ocrx_word' id='word_1_35' title='bbox 1130 786 1406 870; x_wconf 77' lang='lat' dir='ltr'>Belgae,</span> <span class='ocrx_word' id='word_1_36' title='bbox 1450 785 1774 850; x_wconf 73' lang='lat' dir='ltr'>¹Sacrovir</span> <span class='ocrx_word' id='word_1_37' title='bbox 1845 785 2184 870; x_wconf 80' lang='lat' dir='ltr'>propiores</span> 
     </span>
     <span class='ocr_line' id='line_1_7' title="bbox 362 888 2183 975; baseline 0 -22"><span class='ocrx_word' id='word_1_38' title='bbox 362 889 586 954; x_wconf 80' lang='lat' dir='ltr'>Gallos</span> <span class='ocrx_word' id='word_1_39' title='bbox 634 889 908 954; x_wconf 90' lang='lat' dir='ltr'>concire.</span> <span class='ocrx_word' id='word_1_40' title='bbox 980 890 1176 975; x_wconf 87' lang='lat' dir='ltr'>igitur</span> <span class='ocrx_word' id='word_1_41' title='bbox 1219 911 1338 975; x_wconf 91' lang='lat' dir='ltr'>per</span> <span class='ocrx_word' id='word_1_42' title='bbox 1384 888 1807 954; x_wconf 87' lang='lat' dir='ltr'>conciliabula</span> <span class='ocrx_word' id='word_1_43' title='bbox 1851 895 1918 953; x_wconf 90' lang='lat' dir='ltr'>et</span> <span class='ocrx_word' id='word_1_44' title='bbox 1959 895 2183 954; x_wconf 89' lang='lat' dir='ltr'>coetus</span> 
     </span>
     <span class='ocr_line' id='line_1_8' title="bbox 358 992 2182 1076; baseline -0.001 -19"><span class='ocrx_word' id='word_1_45' title='bbox 358 993 667 1058; x_wconf 88' lang='lat' dir='ltr'>seditiosa</span> <span class='ocrx_word' id='word_1_46' title='bbox 712 992 1111 1058; x_wconf 80' lang='lat' dir='ltr'>disserebant</span> <span class='ocrx_word' id='word_1_47' title='bbox 1147 993 1230 1057; x_wconf 90' lang='lat' dir='ltr'>de</span> <span class='ocrx_word' id='word_1_48' title='bbox 1264 992 1745 1058; x_wconf 82' lang='lat' dir='ltr'>continuatione</span> <span class='ocrx_word' id='word_1_49' title='bbox 1775 993 2182 1076; x_wconf 85' lang='lat' dir='ltr'>tributorum,</span> 
     </span>
     <span class='ocr_line' id='line_1_9' title="bbox 358 1096 2180 1181; baseline -0.001 -20"><span class='ocrx_word' id='word_1_50' title='bbox 358 1097 671 1181; x_wconf 83' lang='lat' dir='ltr'>gravitate</span> <span class='ocrx_word' id='word_1_51' title='bbox 716 1097 1013 1179; x_wconf 75' lang='lat' dir='ltr'>faenoriS,</span> <span class='ocrx_word' id='word_1_52' title='bbox 1060 1097 1330 1161; x_wconf 83' lang='lat' dir='ltr'>saevitia</span> <span class='ocrx_word' id='word_1_53' title='bbox 1373 1118 1448 1161; x_wconf 92' lang='lat' dir='ltr'>ac</span> <span class='ocrx_word' id='word_1_54' title='bbox 1478 1096 1778 1181; x_wconf 90' lang='lat' dir='ltr'>superbia</span> <span class='ocrx_word' id='word_1_55' title='bbox 1806 1096 2180 1180; x_wconf 90' lang='lat' dir='ltr'>praesiden-</span> 
     </span>
     <span class='ocr_line' id='line_1_10' title="bbox 355 1201 2183 1282; baseline -0.001 -17"><span class='ocrx_word' id='word_1_56' title='bbox 355 1203 545 1282; x_wconf 83' lang='lat' dir='ltr'>tium3</span> <span class='ocrx_word' id='word_1_57' title='bbox 619 1207 685 1266; x_wconf 93' lang='lat' dir='ltr'>et</span> <span class='ocrx_word' id='word_1_58' title='bbox 757 1201 1124 1267; x_wconf 82' lang='lat' dir='ltr'>discordare</span> <span class='ocrx_word' id='word_1_59' title='bbox 1196 1202 1467 1266; x_wconf 90' lang='lat' dir='ltr'>militem</span> <span class='ocrx_word' id='word_1_60' title='bbox 1529 1201 1748 1265; x_wconf 90' lang='lat' dir='ltr'>audito</span> <span class='ocrx_word' id='word_1_61' title='bbox 1816 1201 2183 1266; x_wconf 80' lang='lat' dir='ltr'>Germanici</span> 
     </span>
    </p>

    <p class='ocr_par' dir='ltr' id='par_1_4' title="bbox 287 1304 2180 1703">
     <span class='ocr_line' id='line_1_11' title="bbox 287 1304 2179 1391; baseline 0.001 -25"><span class='ocrx_word' id='word_1_62' title='bbox 287 1327 337 1366; x_wconf 83' lang='lat'>15</span> <span class='ocrx_word' id='word_1_63' title='bbox 358 1306 579 1370; x_wconf 77' lang='lat' dir='ltr'>exitio,</span> <span class='ocrx_word' id='word_1_64' title='bbox 670 1307 1005 1390; x_wconf 85' lang='lat' dir='ltr'>egregium</span> <span class='ocrx_word' id='word_1_65' title='bbox 1074 1304 1496 1370; x_wconf 88' lang='lat' dir='ltr'>resumendae</span> <span class='ocrx_word' id='word_1_66' title='bbox 1562 1305 1844 1369; x_wconf 87' lang='lat' dir='ltr'>libertati</span> <span class='ocrx_word' id='word_1_67' title='bbox 1905 1312 2179 1391; x_wconf 90' lang='lat' dir='ltr'>tempus,</span> 
     </span>
     <span class='ocr_line' id='line_1_12' title="bbox 357 1409 2180 1495; baseline -0.001 -21"><span class='ocrx_word' id='word_1_68' title='bbox 357 1409 410 1474; x_wconf 87' lang='lat' dir='ltr'>si</span> <span class='ocrx_word' id='word_1_69' title='bbox 453 1410 577 1495; x_wconf 91' lang='lat' dir='ltr'>ipsi</span> <span class='ocrx_word' id='word_1_70' title='bbox 618 1410 945 1491; x_wconf 91' lang='lat' dir='ltr'>florentes,</span> <span class='ocrx_word' id='word_1_71' title='bbox 993 1431 1183 1494; x_wconf 91' lang='lat' dir='ltr'>quam</span> <span class='ocrx_word' id='word_1_72' title='bbox 1226 1411 1415 1494; x_wconf 91' lang='lat' dir='ltr'>inops</span> <span class='ocrx_word' id='word_1_73' title='bbox 1449 1410 1658 1492; x_wconf 92' lang='lat' dir='ltr'>Italia,</span> <span class='ocrx_word' id='word_1_74' title='bbox 1707 1431 1897 1495; x_wconf 91' lang='lat' dir='ltr'>quam</span> <span class='ocrx_word' id='word_1_75' title='bbox 1926 1409 2180 1474; x_wconf 85' lang='lat' dir='ltr'>inbellis</span> 
     </span>
     <span class='ocr_line' id='line_1_13' title="bbox 355 1512 2179 1598; baseline -0.001 -22"><span class='ocrx_word' id='word_1_76' title='bbox 355 1513 601 1577; x_wconf 88' lang='lat' dir='ltr'>urbana</span> <span class='ocrx_word' id='word_1_77' title='bbox 657 1513 913 1598; x_wconf 91' lang='lat' dir='ltr'>plebes,</span> <span class='ocrx_word' id='word_1_78' title='bbox 970 1513 1131 1577; x_wconf 90' lang='lat' dir='ltr'>nihil</span> <span class='ocrx_word' id='word_1_79' title='bbox 1177 1513 1464 1576; x_wconf 82' lang='lat' dir='ltr'>validum</span> <span class='ocrx_word' id='word_1_80' title='bbox 1507 1513 1576 1577; x_wconf 91' lang='lat' dir='ltr'>in</span> <span class='ocrx_word' id='word_1_81' title='bbox 1622 1513 2011 1577; x_wconf 80' lang='lat' dir='ltr'>exercitibus</span> <span class='ocrx_word' id='word_1_82' title='bbox 2057 1512 2179 1577; x_wconf 92' lang='lat' dir='ltr'>nisi</span> 
     </span>
     <span class='ocr_line' id='line_1_14' title="bbox 359 1616 1364 1703; baseline 0.002 -23"><span class='ocrx_word' id='word_1_83' title='bbox 359 1616 533 1702; x_wconf 91' lang='lat' dir='ltr'>quod</span> <span class='ocrx_word' id='word_1_84' title='bbox 579 1624 938 1700; x_wconf 82' lang='lat' dir='ltr'>externum,</span> <span class='ocrx_word' id='word_1_85' title='bbox 986 1618 1364 1703; x_wconf 83' lang='lat' dir='ltr'>cogitarent.</span> 
     </span>
    </p>

    <p class='ocr_par' dir='ltr' id='par_1_5' title="bbox 351 1720 2178 2121">
     <span class='ocr_line' id='line_1_15' title="bbox 485 1720 2178 1787; baseline 0.001 -5"><span class='ocrx_word' id='word_1_86' title='bbox 485 1721 591 1783; x_wconf 89' lang='lat'>41.</span> <span class='ocrx_word' id='word_1_87' title='bbox 653 1720 851 1784; x_wconf 92' lang='lat' dir='ltr'>Haud</span> <span class='ocrx_word' id='word_1_88' title='bbox 891 1721 1093 1786; x_wconf 87' lang='lat' dir='ltr'>ferme</span> <span class='ocrx_word' id='word_1_89' title='bbox 1136 1723 1272 1786; x_wconf 91' lang='lat' dir='ltr'>ulla</span> <span class='ocrx_word' id='word_1_90' title='bbox 1309 1722 1530 1786; x_wconf 84' lang='lat' dir='ltr'>civitas</span> <span class='ocrx_word' id='word_1_91' title='bbox 1561 1723 1801 1787; x_wconf 91' lang='lat' dir='ltr'>intacta</span> <span class='ocrx_word' id='word_1_92' title='bbox 1833 1721 2178 1786; x_wconf 91' lang='lat' dir='ltr'>seminibus</span> 
     </span>
     <span class='ocr_line' id='line_1_16' title="bbox 356 1824 2178 1912; baseline 0 -23"><span class='ocrx_word' id='word_1_93' title='bbox 356 1825 493 1889; x_wconf 90' lang='lat' dir='ltr'>eius</span> <span class='ocrx_word' id='word_1_94' title='bbox 538 1830 750 1888; x_wconf 91' lang='lat' dir='ltr'>motus</span> <span class='ocrx_word' id='word_1_95' title='bbox 797 1824 947 1890; x_wconf 87' lang='lat' dir='ltr'>fuit:</span> <span class='ocrx_word' id='word_1_96' title='bbox 1008 1826 1125 1890; x_wconf 92' lang='lat' dir='ltr'>sed</span> <span class='ocrx_word' id='word_1_97' title='bbox 1172 1847 1444 1911; x_wconf 88' lang='lat' dir='ltr'>erupere</span> <span class='ocrx_word' id='word_1_98' title='bbox 1489 1827 1680 1912; x_wconf 89' lang='lat' dir='ltr'>primi</span> <span class='ocrx_word' id='word_1_99' title='bbox 1723 1825 2057 1890; x_wconf 80' lang='lat' dir='ltr'>Andecavi</span> <span class='ocrx_word' id='word_1_100' title='bbox 2101 1847 2178 1889; x_wconf 92' lang='lat' dir='ltr'>ac</span> 
     </span>
     <span class='ocr_line' id='line_1_17' title="bbox 352 1929 2173 2014; baseline 0.001 -21"><span class='ocrx_word' id='word_1_101' title='bbox 352 1929 616 1994; x_wconf 84' lang='lat' dir='ltr'>Turoni.</span> <span class='ocrx_word' id='word_1_102' title='bbox 692 1951 965 2014; x_wconf 90' lang='lat' dir='ltr'>quorum</span> <span class='ocrx_word' id='word_1_103' title='bbox 1004 1929 1396 1995; x_wconf 86' lang='lat' dir='ltr'>Andecavos</span> <span class='ocrx_word' id='word_1_104' title='bbox 1440 1929 1689 1996; x_wconf 90' lang='lat' dir='ltr'>Acilius</span> <span class='ocrx_word' id='word_1_105' title='bbox 1718 1929 1958 1997; x_wconf 89' lang='lat' dir='ltr'>Aviola</span> <span class='ocrx_word' id='word_1_106' title='bbox 1995 1931 2173 2013; x_wconf 88' lang='lat' dir='ltr'>lega-</span> 
     </span>
     <span class='ocr_line' id='line_1_18' title="bbox 351 2034 2177 2121; baseline 0 -24"><span class='ocrx_word' id='word_1_107' title='bbox 351 2040 455 2097; x_wconf 89' lang='lat' dir='ltr'>tus</span> <span class='ocrx_word' id='word_1_108' title='bbox 502 2034 716 2099; x_wconf 84' lang='lat' dir='ltr'>excita</span> <span class='ocrx_word' id='word_1_109' title='bbox 755 2036 1043 2117; x_wconf 85' lang='lat' dir='ltr'>cohorte,</span> <span class='ocrx_word' id='word_1_110' title='bbox 1090 2056 1256 2119; x_wconf 84' lang='lat' dir='ltr'>quae</span> <span class='ocrx_word' id='word_1_111' title='bbox 1286 2035 1592 2120; x_wconf 90' lang='lat' dir='ltr'>Lugduni</span> <span class='ocrx_word' id='word_1_112' title='bbox 1621 2034 2012 2121; x_wconf 85' lang='lat' dir='ltr'>praesidium</span> <span class='ocrx_word' id='word_1_113' title='bbox 2042 2034 2177 2116; x_wconf 86' lang='lat' dir='ltr'>agi-</span> 
     </span>
    </p>

    <p class='ocr_par' dir='ltr' id='par_1_6' title="bbox 309 2137 2269 2638">
     <span class='ocr_line' id='line_1_19' title="bbox 309 2137 2269 2221; baseline 0.001 -23"><span class='ocrx_word' id='word_1_114' title='bbox 309 2138 558 2219; x_wconf 81' lang='lat' dir='ltr'>5tabat,</span> <span class='ocrx_word' id='word_1_115' title='bbox 621 2138 922 2202; x_wconf 88' lang='lat' dir='ltr'>coercuit.</span> <span class='ocrx_word' id='word_1_116' title='bbox 1010 2137 1252 2202; x_wconf 84' lang='lat' dir='ltr'>Turoni</span> <span class='ocrx_word' id='word_1_117' title='bbox 1298 2139 1652 2221; x_wconf 87' lang='lat' dir='ltr'>legionario</span> <span class='ocrx_word' id='word_1_118' title='bbox 1699 2138 1937 2220; x_wconf 90' lang='lat' dir='ltr'>milite,</span> <span class='ocrx_word' id='word_1_119' title='bbox 1981 2158 2175 2221; x_wconf 91' lang='lat' dir='ltr'>quem</span> <span class='ocrx_word' id='word_1_120' title='bbox 2260 2139 2269 2149; x_wconf 85' lang='lat'>&#39;</span> 
     </span>
     <span class='ocr_line' id='line_1_20' title="bbox 351 2240 2172 2326; baseline 0 -21"><span class='ocrx_word' id='word_1_121' title='bbox 351 2241 661 2305; x_wconf 89' lang='lat' dir='ltr'>Visellius</span> <span class='ocrx_word' id='word_1_122' title='bbox 703 2240 913 2304; x_wconf 89' lang='lat' dir='ltr'>Varro</span> <span class='ocrx_word' id='word_1_123' title='bbox 957 2240 1278 2305; x_wconf 89' lang='lat' dir='ltr'>inferioris</span> <span class='ocrx_word' id='word_1_124' title='bbox 1327 2242 1710 2307; x_wconf 80' lang='lat' dir='ltr'>Germaniae</span> <span class='ocrx_word' id='word_1_125' title='bbox 1757 2243 2009 2326; x_wconf 87' lang='lat' dir='ltr'>legatus</span> <span class='ocrx_word' id='word_1_126' title='bbox 2052 2241 2172 2305; x_wconf 91' lang='lat' dir='ltr'>mi-</span> 
     </span>
     <span class='ocr_line' id='line_1_21' title="bbox 352 2343 2175 2430; baseline -0.001 -21"><span class='ocrx_word' id='word_1_127' title='bbox 352 2350 522 2409; x_wconf 89' lang='lat' dir='ltr'>serat</span> <span class='ocrx_word' id='word_1_128' title='bbox 569 2343 862 2430; x_wconf 91' lang='lat' dir='ltr'>oppressi</span> <span class='ocrx_word' id='word_1_129' title='bbox 908 2343 1140 2409; x_wconf 90' lang='lat' dir='ltr'>eodem</span> <span class='ocrx_word' id='word_1_130' title='bbox 1184 2343 1422 2410; x_wconf 89' lang='lat' dir='ltr'>Aviola</span> <span class='ocrx_word' id='word_1_131' title='bbox 1469 2345 1632 2410; x_wconf 87' lang='lat' dir='ltr'>duce</span> <span class='ocrx_word' id='word_1_132' title='bbox 1679 2352 1746 2410; x_wconf 93' lang='lat' dir='ltr'>et</span> <span class='ocrx_word' id='word_1_133' title='bbox 1793 2346 2175 2429; x_wconf 91' lang='lat' dir='ltr'>quibusdam</span> 
     </span>
     <span class='ocr_line' id='line_1_22' title="bbox 355 2448 2170 2534; baseline -0.001 -19"><span class='ocrx_word' id='word_1_134' title='bbox 355 2448 711 2515; x_wconf 80' lang='lat' dir='ltr'>Galliarum</span> <span class='ocrx_word' id='word_1_135' title='bbox 754 2448 1169 2534; x_wconf 90' lang='lat' dir='ltr'>primoribus,</span> <span class='ocrx_word' id='word_1_136' title='bbox 1231 2450 1343 2533; x_wconf 91' lang='lat' dir='ltr'>qui</span> <span class='ocrx_word' id='word_1_137' title='bbox 1385 2451 1593 2513; x_wconf 90' lang='lat' dir='ltr'>tulere</span> <span class='ocrx_word' id='word_1_138' title='bbox 1640 2449 1983 2532; x_wconf 88' lang='lat' dir='ltr'>auxilium,</span> <span class='ocrx_word' id='word_1_139' title='bbox 2043 2470 2170 2533; x_wconf 93' lang='lat' dir='ltr'>quo</span> 
     </span>
     <span class='ocr_line' id='line_1_23' title="bbox 353 2552 2170 2638; baseline 0.002 -24"><span class='ocrx_word' id='word_1_140' title='bbox 353 2552 826 2617; x_wconf 89' lang='lat' dir='ltr'>dissimularent</span> <span class='ocrx_word' id='word_1_141' title='bbox 883 2552 1315 2617; x_wconf 89' lang='lat' dir='ltr'>defectionem</span> <span class='ocrx_word' id='word_1_142' title='bbox 1370 2552 1703 2638; x_wconf 90' lang='lat' dir='ltr'>magisque</span> <span class='ocrx_word' id='word_1_143' title='bbox 1758 2554 1827 2616; x_wconf 91' lang='lat' dir='ltr'>in</span> <span class='ocrx_word' id='word_1_144' title='bbox 1878 2561 2170 2638; x_wconf 89' lang='lat' dir='ltr'>tempore</span> 
     </span>
    </p>

    <p class='ocr_par' dir='ltr' id='par_1_7' title="bbox 282 2655 2170 3157">
     <span class='ocr_line' id='line_1_24' title="bbox 282 2655 2170 2741; baseline 0.001 -22"><span class='ocrx_word' id='word_1_145' title='bbox 282 2675 331 2715; x_wconf 91' lang='lat'>10</span> <span class='ocrx_word' id='word_1_146' title='bbox 352 2656 673 2720; x_wconf 83' lang='lat' dir='ltr'>efferrent.</span> <span class='ocrx_word' id='word_1_147' title='bbox 762 2663 1085 2741; x_wconf 91' lang='lat' dir='ltr'>spectatus</span> <span class='ocrx_word' id='word_1_148' title='bbox 1158 2662 1223 2721; x_wconf 90' lang='lat' dir='ltr'>et</span> <span class='ocrx_word' id='word_1_149' title='bbox 1286 2656 1584 2720; x_wconf 81' lang='lat' dir='ltr'>Sacrovir</span> <span class='ocrx_word' id='word_1_150' title='bbox 1654 2655 1894 2720; x_wconf 89' lang='lat' dir='ltr'>intecto</span> <span class='ocrx_word' id='word_1_151' title='bbox 1961 2655 2170 2741; x_wconf 90' lang='lat' dir='ltr'>capite</span> 
     </span>
     <span class='ocr_line' id='line_1_25' title="bbox 348 2759 2168 2845; baseline 0.001 -22"><span class='ocrx_word' id='word_1_152' title='bbox 348 2781 632 2845; x_wconf 88' lang='lat' dir='ltr'>pugnam</span> <span class='ocrx_word' id='word_1_153' title='bbox 675 2781 793 2844; x_wconf 92' lang='lat' dir='ltr'>pro</span> <span class='ocrx_word' id='word_1_154' title='bbox 825 2759 1133 2824; x_wconf 89' lang='lat' dir='ltr'>Romanis</span> <span class='ocrx_word' id='word_1_155' title='bbox 1179 2761 1354 2825; x_wconf 91' lang='lat' dir='ltr'>ciens</span> <span class='ocrx_word' id='word_1_156' title='bbox 1402 2761 1842 2843; x_wconf 86' lang='lat' dir='ltr'>ostentandae,</span> <span class='ocrx_word' id='word_1_157' title='bbox 1886 2767 1959 2824; x_wconf 92' lang='lat' dir='ltr'>ut</span> <span class='ocrx_word' id='word_1_158' title='bbox 2001 2760 2168 2825; x_wconf 89' lang='lat' dir='ltr'>fere-</span> 
     </span>
     <span class='ocr_line' id='line_1_26' title="bbox 350 2862 2168 2947; baseline 0.001 -21"><span class='ocrx_word' id='word_1_159' title='bbox 350 2863 492 2945; x_wconf 92' lang='lat' dir='ltr'>bat,</span> <span class='ocrx_word' id='word_1_160' title='bbox 550 2862 831 2927; x_wconf 89' lang='lat' dir='ltr'>virtutis:</span> <span class='ocrx_word' id='word_1_161' title='bbox 894 2862 1011 2927; x_wconf 93' lang='lat' dir='ltr'>sed</span> <span class='ocrx_word' id='word_1_162' title='bbox 1068 2863 1337 2947; x_wconf 84' lang='lat' dir='ltr'>captivi,</span> <span class='ocrx_word' id='word_1_163' title='bbox 1395 2884 1478 2927; x_wconf 93' lang='lat' dir='ltr'>ne</span> <span class='ocrx_word' id='word_1_164' title='bbox 1527 2864 1956 2928; x_wconf 85' lang='lat' dir='ltr'>incesseretur</span> <span class='ocrx_word' id='word_1_165' title='bbox 2002 2864 2168 2945; x_wconf 91' lang='lat' dir='ltr'>telis,</span> 
     </span>
     <span class='ocr_line' id='line_1_27' title="bbox 351 2965 2170 3052; baseline 0.001 -21"><span class='ocrx_word' id='word_1_166' title='bbox 351 2965 877 3051; x_wconf 89' lang='lat' dir='ltr'>adgnoscendum</span> <span class='ocrx_word' id='word_1_167' title='bbox 901 2988 970 3031; x_wconf 86' lang='lat' dir='ltr'>se</span> <span class='ocrx_word' id='word_1_168' title='bbox 998 2967 1372 3051; x_wconf 87' lang='lat' dir='ltr'>praebuisse</span> <span class='ocrx_word' id='word_1_169' title='bbox 1402 2968 1776 3052; x_wconf 87' lang='lat' dir='ltr'>arguebant.</span> <span class='ocrx_word' id='word_1_170' title='bbox 1841 2969 2170 3033; x_wconf 90' lang='lat' dir='ltr'>consultus</span> 
     </span>
     <span class='ocr_line' id='line_1_28' title="bbox 351 3070 2169 3157; baseline 0.001 -24"><span class='ocrx_word' id='word_1_171' title='bbox 351 3070 647 3135; x_wconf 86' lang='lat' dir='ltr'>Tiberius</span> <span class='ocrx_word' id='word_1_172' title='bbox 704 3075 1081 3155; x_wconf 90' lang='lat' dir='ltr'>aspernatus</span> <span class='ocrx_word' id='word_1_173' title='bbox 1140 3077 1239 3134; x_wconf 91' lang='lat' dir='ltr'>est</span> <span class='ocrx_word' id='word_1_174' title='bbox 1296 3070 1601 3136; x_wconf 89' lang='lat' dir='ltr'>indicium</span> <span class='ocrx_word' id='word_1_175' title='bbox 1653 3073 1936 3157; x_wconf 85' lang='lat' dir='ltr'>aluitque</span> <span class='ocrx_word' id='word_1_176' title='bbox 1985 3071 2169 3135; x_wconf 91' lang='lat' dir='ltr'>dubi-</span> 
     </span>
    </p>

    <p class='ocr_par' dir='ltr' id='par_1_8' title="bbox 284 3174 902 3241">
     <span class='ocr_line' id='line_1_29' title="bbox 284 3174 902 3241; baseline -0.005 0"><span class='ocrx_word' id='word_1_177' title='bbox 284 3202 335 3241; x_wconf 88' lang='lat'>15</span> <span class='ocrx_word' id='word_1_178' title='bbox 353 3175 596 3240; x_wconf 84' lang='lat' dir='ltr'>tatione</span> <span class='ocrx_word' id='word_1_179' title='bbox 642 3174 902 3239; x_wconf 90' lang='lat' dir='ltr'>bellum.</span> 
     </span>
    </p>

    <p class='ocr_par' dir='ltr' id='par_1_9' title="bbox 360 3277 2171 3468">
     <span class='ocr_line' id='line_1_30' title="bbox 486 3277 2171 3366; baseline 0.002 -27"><span class='ocrx_word' id='word_1_180' title='bbox 486 3278 590 3342; x_wconf 83' lang='lat'>42.</span> <span class='ocrx_word' id='word_1_181' title='bbox 652 3277 921 3343; x_wconf 88' lang='lat' dir='ltr'>Interim</span> <span class='ocrx_word' id='word_1_182' title='bbox 963 3278 1198 3341; x_wconf 86' lang='lat' dir='ltr'>Florus</span> <span class='ocrx_word' id='word_1_183' title='bbox 1239 3277 1536 3343; x_wconf 89' lang='lat' dir='ltr'>insistere</span> <span class='ocrx_word' id='word_1_184' title='bbox 1583 3278 1942 3363; x_wconf 75' lang='lat' dir='ltr'>destinatiS,</span> <span class='ocrx_word' id='word_1_185' title='bbox 1989 3280 2171 3366; x_wconf 92' lang='lat' dir='ltr'>pelli-</span> 
     </span>
     <span class='ocr_line' id='line_1_31' title="bbox 360 3381 2171 3468; baseline 0.001 -25"><span class='ocrx_word' id='word_1_186' title='bbox 360 3402 504 3445; x_wconf 90' lang='lat' dir='ltr'>cere</span> <span class='ocrx_word' id='word_1_187' title='bbox 563 3381 730 3445; x_wconf 90' lang='lat' dir='ltr'>alam</span> <span class='ocrx_word' id='word_1_188' title='bbox 789 3382 1102 3467; x_wconf 91' lang='lat' dir='ltr'>equitum,</span> <span class='ocrx_word' id='word_1_189' title='bbox 1161 3402 1324 3466; x_wconf 90' lang='lat' dir='ltr'>quae</span> <span class='ocrx_word' id='word_1_190' title='bbox 1384 3382 1741 3468; x_wconf 89' lang='lat' dir='ltr'>conscripta</span> <span class='ocrx_word' id='word_1_191' title='bbox 1790 3403 1824 3446; x_wconf 93' lang='lat' dir='ltr'>e</span> <span class='ocrx_word' id='word_1_192' title='bbox 1871 3382 2171 3447; x_wconf 84' lang='lat' dir='ltr'>Treveris</span> 
     </span>
    </p>
   </div>
  </div>
 </body>
</html>
