2467 3900
618 261 694 300 AB
721 260 974 302 EXOESSU
1001 259 1130 300 DIVI
1156 259 1411 300 AUGUSTI
1440 259 1502 297 VI
1528 258 1697 299 46—50.
1950 255 2060 311 251

249 421 370 484 bus
405 419 626 484 amicis
655 440 788 483 non
822 417 1052 482 eadem
1088 418 1384 482 omnibus
1425 417 1661 481 decora
1700 417 2066 500 respondit:

247 525 370 589 sibi
413 523 566 588 satis
612 521 861 604 aetatis,
908 542 1120 605 neque
1168 519 1344 584 aliud
1382 521 1845 605 paenitendum
1880 541 2114 605 quam5

249 630 423 714 quod
468 630 635 694 inter
680 627 957 691 ludibria
1004 632 1071 689 et
1101 625 1394 710 pericula
1440 626 1698 689 anxiam
1744 630 2072 690 senectam

248 734 685 814 toleravisset,
749 731 858 794 diu
903 730 1170 813 Seian0,
1230 751 1401 794 nunc
1444 731 1767 812 Macroni,
1816 750 2073 813 semper

248 837 437 902 alicui
482 835 846 921 potentium
891 833 1156 914 invisuS,
1202 855 1336 898 non
1384 835 1571 917 culpa
1616 833 1733 897 sed
1778 838 1851 896 ut
1891 832 2072 916 fiagi-

245 941 484 1005 tiorum
514 939 855 1023 inpatiens.
923 958 1077 1002 sane
1107 959 1351 1022 paucos
1381 938 1687 1023 principis
1721 938 1858 1002 dies
1877 958 2070 1022 posse

247 1045 471 1108 vitari:
543 1064 736 1127 quem
798 1043 882 1106 ad
945 1041 1212 1105 modum
1278 1063 1619 1106 evasurum
1679 1043 2071 1106 imminentis
2087 1063 2141 1101 10

248 1149 624 1215 iuventam?
699 1170 801 1229 an,
849 1168 996 1211 cum
1030 1146 1329 1211 Tiberius
1375 1151 1525 1231 post
1569 1151 1812 1210 tantam
1858 1167 2074 1210 rerum

249 1252 716 1338 experientiam
773 1252 840 1315 vi
901 1250 1355 1317 dominationis
1418 1251 1761 1316 convulsus
1824 1260 1889 1315 et
1930 1273 2071 1315 :mu-

247 1363 419 1420 tatus
473 1356 587 1437 sit,
655 1353 885 1419 Gaium
950 1353 1296 1418 Caesarem
1365 1354 1477 1418 vix
1537 1355 1717 1419 finita
1778 1355 2071 1439 pueritia,

245 1463 542 1547 ignarum
601 1461 883 1524 omnium
939 1465 1049 1524 aut
1107 1459 1403 1544 pessimis
1463 1459 1875 1541 innutritum,
1935 1480 2071 1522 me-

233 1566 411 1648 liora
439 1565 910 1648 capessiturum
939 1564 1247 1628 Macrone
1287 1564 1497 1627 duce?
1544 1563 1654 1647 qui
1685 1569 1757 1628 ut
1789 1563 2073 1628 deterior
2091 1582 2143 1621 15

247 1670 334 1735 ad
381 1669 878 1755 opprimendum
911 1668 1213 1734 Seianum
1254 1668 1543 1732 delectus
1573 1668 1759 1751 plura
1787 1688 1905 1750 per
1934 1689 2073 1732 sce-

246 1775 386 1836 lera
447 1793 585 1836 rem
658 1773 980 1858 publicam
1053 1772 1566 1836 conflictavisset.
1657 1777 2073 1857 prospectare

248 1878 378 1942 iam
424 1898 491 1941 se
537 1877 744 1942 acrius
791 1877 1125 1942 servitium
1178 1895 1389 1961 eoque
1426 1874 1653 1958 fugere
1700 1875 1889 1940 simul
1932 1881 2075 1940 acta

250 1988 318 2047 et
362 1982 682 2047 instantia.
752 1984 915 2047 haec
960 1982 1126 2047 vatis
1157 1982 1225 2045 in
1252 1979 1519 2044 modum
1551 1980 1847 2045 dictitans
1877 2002 2073 2045 venas

246 2087 533 2151 resolvit.
613 2086 1002 2151 documento
1043 2085 1379 2170 sequentia
1411 2090 1597 2148 erunt
1626 2084 1794 2150 bene
1826 2084 2073 2149 Arrun·
2095 2111 2145 2149 20

250 2190 415 2253 tium
448 2197 655 2253 morte
687 2211 893 2253 usum.
969 2188 1294 2253 Albucilla
1338 2189 1528 2253 inrito
1576 2189 1709 2252 ictu
1753 2188 1834 2252 ab
1871 2195 2075 2253 semet

249 2295 588 2360 vulnerata
639 2295 818 2358 iussu
866 2298 1125 2357 senatus
1170 2295 1238 2358 in
1286 2315 1608 2359 carcerem
1644 2295 1860 2359 fertur.
1938 2296 2077 2358 eius

248 2397 552 2481 ministri,
603 2397 944 2462 Carsidius
989 2397 1307 2462 Sacerdos
1352 2400 1712 2483 praetorius
1758 2405 1830 2463 ut
1872 2399 1940 2463 in
1982 2400 2077 2463 in-

251 2501 457 2565 sulam
517 2502 1000 2586 deportaretur,
1076 2502 1348 2565 Pontius
1405 2504 1831 2588 Fregellanus
1890 2506 2075 2569 amit-

249 2610 421 2669 teret
470 2605 767 2670 ordinem
815 2606 1244 2687 senatorium,
1292 2613 1357 2670 et
1404 2608 1673 2671 eaedem
1716 2630 1967 2693 poenae
2013 2610 2080 2672 in
2098 2628 2149 2665 25

250 2710 549 2773 Laelium
595 2710 874 2774 Balbum
922 2709 1388 2793 decernuntur,
1444 2711 1512 2774 id
1559 2712 1817 2796 quidem
1862 2733 1899 2776 a
1942 2714 2076 2777 lae-

253 2814 554 2895 tantibus,
603 2814 752 2897 quia
784 2812 1026 2876 Balbus
1073 2813 1241 2876 truci
1287 2813 1657 2898 eloquentia
1699 2814 2079 2898 habebatur,

253 2923 592 3001 promptus
637 2914 982 2979 adversum
1030 2917 1341 2981 insontes.

384 3021 487 3083 50.
545 3020 687 3084 Iam
725 3020 1060 3084 'liberium
1094 3041 1351 3105 corpus,
1397 3023 1525 3085 iam
1554 3023 1744 3105 vireS,
1790 3021 2080 3087 nondum

255 3123 674 3190 dissimulatio
701 3124 1073 3189 deserebat:
1113 3125 1291 3190 idem
1321 3128 1518 3191 animi
1539 3128 1745 3211 rigor3
1780 3146 2077 3191 sermone

255 3250 330 3293 ac
400 3230 585 3295 vultu
659 3229 948 3292 intentus
1019 3230 1314 3313 quaesita
1386 3230 1714 3294 interdum
1778 3230 2079 3293 comitate

213 3416 218 3420 ἡ
255 3335 544 3417 quamvis
568 3334 973 3398 manifestam
1000 3334 1435 3399 defectionem
1453 3334 1733 3419 tegebat.
1786 3334 2079 3398 mutatis-

257 3458 379 3522 que
453 3437 706 3521 saepius
770 3437 929 3502 locis
991 3436 1261 3501 tandem
1327 3439 1495 3522 apud
1568 3438 2122 3522 promunturium5
