2467 3900
344 189 419 244 96
1003 195 1283 235 οοΒΝΕΜῙ
1307 194 1503 234 'raom

344 353 541 418 tionis
570 377 821 439 arcana,
851 354 1069 420 vetitis
1088 355 1215 419 nisi
1237 355 1557 440 permissu
1580 354 1837 440 ingredi
1856 355 2186 420 senatori-

344 458 466 523 bus
526 465 637 523 aut
681 458 1002 543 equitibus
1046 458 1366 524 Romanis
1412 459 1820 542 inlustribus,
1881 459 2191 544 seposuit

275 581 325 620 15
343 561 744 649 Aegyptum,
776 585 857 628 ne
888 565 1059 629 fame
1091 571 1360 647 urgeret
1388 563 1682 647 Italiam,-
1711 563 2002 648 quisquis
2033 583 2187 626 eam

342 667 745 753 provinciam
765 668 1169 753 claustraque
1190 673 1402 734 terrae
1428 690 1504 734 ac
1524 667 1720 732 maris
1739 667 2030 753 quamvis
2042 667 2185 732 levi

342 770 667 855 praesidio
710 770 1053 836 adversum
1097 773 1398 857 ingentes
1439 773 1766 837 exercitus
1797 770 2180 838 insedisset.

476 875 578 938 60.
645 873 778 940 Sed
826 875 1250 941 Germanicus
1303 876 1596 948 nondum
1643 883 1979 961 comperto
2023 897 2182 960 pro-

342 979 693 1044 fectionem
739 1000 885 1045 eam
928 980 1206 1046 incusari
1251 981 1404 1047 Nilo
1455 982 1940 1047 subvehebatur
1987 1003 2180 1047 orsus

344 1083 584 1170 oppido
632 1105 672 1148 a
719 1084 1007 1171 Canopo.
1084 1085 1440 1154 condidere
1471 1086 1774 1171 Spartani
1822 1089 1904 1152 ob
1951 1086 2178 1172 sepul-

340 1195 479 1255 tum
508 1189 641 1255 illic
669 1195 993 1256 rectorem
1020 1190 1203 1256 navis
1238 1190 1596 1276 Canopum,
1631 1212 1757 1276 qua
1784 1197 2182 1276 tempestate

300 1292 679 1358 sMenelaus
729 1293 1070 1359 Graeciam
1128 1301 1438 1380 repetens
1493 1295 1822 1362 diversum
1867 1296 1950 1360 ad
1995 1317 2186 1361 mare

340 1402 708 1483 terramque
735 1397 1016 1480 'Libyam
1036 1398 1350 1465 deiectus.
1399 1398 1551 1463 inde
1570 1401 1942 1485 proximum
1967 1401 2184 1466 amnis

342 1522 415 1564 os
462 1497 743 1565 dicatum
784 1501 1077 1584 Herculi,
1125 1523 1320 1587 quem
1363 1504 1716 1590 indigenae
1767 1510 1980 1571 ortum
2013 1511 2180 1590 aput

340 1623 410 1668 se
460 1610 525 1669 et
572 1605 1084 1689 antiquissimum
1129 1607 1480 1692 perhibent
1525 1630 1769 1694 eosque
1803 1610 1915 1694 qui
1942 1614 2185 1694 postea

337 1710 478 1794 pari
536 1712 777 1776 virtute
823 1711 1063 1776 fuerint
1106 1713 1175 1777 in
1196 1751 1199 1754 ι
1222 1717 1748 1796 cognomentum
1779 1713 1920 1777 eius
1967 1713 2184 1778 adsci-

274 1829 325 1870 10
340 1822 477 1898 tos3
517 1836 675 1880 mox
705 1816 857 1882 visit
884 1821 1178 1881 veterum
1211 1817 1580 1882 Thebarum
1609 1837 1846 1901 magna
1876 1817 2177 1901 vestigia.

340 1927 407 1986 et
452 1920 799 1989 manebant
846 1923 1102 1987 structis
1147 1921 1428 1988 molibus
1471 1922 1727 1988 litterae
1774 1920 2178 2008 Aegyptiae,

336 2026 622 2111 priorem
669 2026 1065 2112 opulentiam
1114 2027 1530 2111 complexae3
1593 2026 1934 2112 iussusque
1981 2046 2016 2090 e
2065 2046 2176 2090 se-

336 2130 627 2196 nioribus
674 2129 1086 2194 sacerdotum
1128 2131 1410 2215 patrium
1449 2150 1815 2196 sermonem
1845 2132 2174 2215 interpre-

335 2236 457 2300 tari
485 2234 811 2301 referebat
838 2234 1165 2300 habitasse
1196 2234 1526 2320 quondam
1547 2233 1964 2323 septingenta
1985 2235 2172 2309 milia

268 2356 319 2395 1⁵
338 2343 551 2405 aetate
626 2339 887 2403 militari
963 2345 1155 2423 atque
1220 2359 1299 2403 eo
1369 2360 1515 2403 cum
1581 2344 1876 2405 exercitu
1937 2360 2171 2425 regem

334 2444 668 2509 Rhamsen
710 2442 919 2528 Libya
961 2440 1318 2527 Aethiopia
1345 2442 1689 2528 Medisque
1735 2449 1802 2509 et
1830 2444 2050 2524 Persis
2100 2454 2172 2511 et

335 2548 680 2614 Bactriano
730 2571 804 2615 ac
833 2547 1072 2632 Scytha
1116 2548 1400 2632 potitum
1445 2568 1730 2633 quasque
1778 2553 1983 2613 terras
2014 2548 2166 2615 Suri

336 2650 757 2739 Armeniique
804 2659 870 2718 et
917 2651 1205 2737 contigui
1252 2651 1674 2737 Cappadoces
1723 2653 1960 2737 colunt,
2007 2654 2165 2720 inde

333 2747 708 2841 Bithynum,
739 2757 889 2822 hinc
918 2756 1192 2841 Lycium
1223 2756 1307 2820 ad
1337 2777 1515 2821 mare
1547 2756 1820 2843 imperio
1854 2758 2164 2824 tenuisse.

264 2882 315 2923 20
334 2861 717 2947 legebantur
782 2866 849 2925 et
903 2860 1145 2927 indicta
1204 2860 1506 2945 gentibus
1564 2861 1839 2944 tributa,
1903 2862 2164 2947 pondus

334 2966 584 3051 argenti
642 2972 709 3031 et
754 2964 923 3047 auri,
981 2984 1289 3029 numerus
1339 2984 1667 3029 armorum
1715 2985 2162 3050 equorumque

335 3075 403 3134 et
439 3069 609 3135 dona
637 3069 899 3155 templis
930 3069 1089 3134 ebur
1120 3074 1314 3151 atque
1350 3067 1586 3133 odores
1616 3088 1904 3152 quasque
1938 3068 2162 3153 copias
2191 3150 2200 3158 ·

334 3172 638 3238 frumenti
714 3177 781 3235 et
840 3172 1125 3237 omnium
1182 3162 1553 3237 utensilium
1620 3192 1914 3281 quaeque
1979 3173 2158 3239 natio

333 3275 682 3360 penderet,
745 3274 920 3340 haud
977 3275 1188 3341 minus
1242 3275 1584 3361 magnifica
1641 3296 1832 3361 quam
1875 3297 2044 3341 nunc
2088 3278 2159 3342 vi

265 3406 316 3445 25
332 3380 721 3445 Parthorum
767 3385 877 3445 aut
921 3380 1215 3465 potentia
1257 3379 1554 3445 Romana
1597 3380 1916 3445 iubentur.
