2467 3900
654 223 728 266 AB
755 224 1008 267 Excusso
1033 222 1164 266 DIVI
1190 222 1447 267 mensu
1473 224 1496 266 1
1522 225 1689 267 33—36.
1862 192 1869 200 ’
1998 216 2075 274 27
2096 275 2105 282 ,

243 391 311 450 et
356 385 539 469 siqua
596 383 722 448 alia
773 405 857 448 ex
917 385 1309 449 necessitate
1355 390 1466 448 aut
1511 385 1820 450 adversus
1868 382 2068 448 otium

240 495 601 554 castrorum
649 493 1061 572 quaeruntur.
1139 488 1577 570 atrocissimus
1617 494 2068 554 veteranorum
2088 515 2139 552 10
2178 488 2183 497 '

237 593 488 656 clamor
536 591 878 675 oriebatur,
927 592 1034 677 qui
1080 592 1325 656 tricena
1368 599 1477 657 aut
1512 613 1705 676 supra
1748 591 2069 676 stipendia

235 703 657 762 numerantes
702 697 1074 760 mederetur
1117 696 1325 779 fessis,
1370 718 1497 762 neu
1541 703 1817 762 mortem
1863 698 1927 761 in
1981 697 2065 760 is-

239 798 396 862 dem
441 798 803 882 laboribus,
849 799 967 864 sed
1009 800 1205 864 finem
1251 807 1383 864 tam
1428 801 1769 866 exercitae*
1799 801 2065 865 militiae

241 924 457 987 neque
503 904 766 988 inopem
813 903 1103 987 requiem
1150 905 1440 970 orabant.
1513 906 1693 971 fuere
1731 906 1927 971 etiam
1958 907 2069 990 qui

245 1007 528 1091 legatam
586 1027 625 1070 a
679 1006 828 1071 divo
875 1006 1173 1091 Augusto
1238 1008 1574 1092 pecuniam
1630 1017 2067 1094 reposcerent,
2086 1042 2137 1083 15

245 1110 469 1174 faustis
511 1111 577 1175 in
620 1110 1075 1176 Germanicum
1119 1095 1471 1195 ominibus3
1520 1119 1605 1195 et,
1637 1113 1691 1177 si
1719 1114 1917 1177 vellet
1950 1113 2065 1176 im·-

242 1216 518 1300 perium,
564 1217 875 1301 populum
905 1217 1273 1281 Romanum
1316 1237 1386 1282 se
1416 1223 1853 1300 ostentavere.
1928 1222 2066 1280 tum

241 1341 426 1400 vero,
473 1321 654 1404 quasi
703 1321 946 1386 scelere
987 1321 1546 1404 contaminaretur,
1594 1342 1905 1407 praeceps
1955 1320 2065 1384 tri-

245 1423 466 1488 bunali
513 1423 792 1488 desiluit.
876 1432 1317 1508 opposuerunt
1357 1425 1619 1489 abeunti
1668 1424 2065 1489 armamini-

245 1535 477 1612 tantes,
525 1529 591 1592 ni
635 1530 1117 1615 regrederetur3
1164 1535 1232 1593 at
1278 1530 1387 1595 ille
1436 1529 1814 1595 moriturum
1853 1529 2067 1613 potius
2088 1557 2139 1595 20

248 1653 440 1717 quam
469 1632 666 1698 fidem
689 1639 958 1698 exueret
981 1635 1313 1699 clamitans
1345 1633 1585 1698 ferrum
1617 1655 1656 1697 8
1682 1634 1884 1698 latere
1918 1632 2068 1696 diri-

243 1738 389 1822 puit
407 1737 774 1822 elatumque
797 1736 1130 1802 deferebat
1148 1737 1215 1800 in
1235 1743 1479 1822 pectus,
1499 1737 1566 1799 ni
1584 1737 1863 1821 proximi
1882 1757 2071 1820 pren-

243 1842 724 1908 sam'dextram
757 1843 821 1906 vi
868 1841 1294 1908 attinuissent.
1372 1847 1663 1906 extrema
1694 1848 1761 1906 et
1802 1840 2068 1923 conglo-

249 1947 398 2013 bata
428 1958 577 2033 pars
609 1947 926 2013 contionis
957 1970 1030 2012 ac
1063 1945 1201 2029 (vix
1234 1944 1539 2013 credibile
1575 1943 1776 2027 dictu)
1811 1943 2070 2029 quidam

243 2052 483 2137 singuli
556 2052 822 2138 propius
890 2052 1265 2117 incedentes
1327 2051 1548 2116 feriret
1619 2048 2069 2130 hortabantur3
2090 2077 2142 2115 25

245 2162 317 2220 et
363 2155 548 2222 miles
592 2156 854 2221 nomine
899 2155 1266 2221 Calusidius
1318 2156 1607 2219 strictum
1655 2153 1888 2217 obtulit
1934 2152 2071 2235 gla-

247 2258 448 2343 dium,
497 2259 716 2327 addito
763 2260 1114 2324 acutiorem
1145 2280 1311 2324 esse.
1388 2279 1652 2324 saevum
1696 2256 1765 2320 id
1793 2258 2071 2341 malique

249 2363 448 2429 moris
512 2364 707 2428 etiam
763 2358 1118 2429 furentibus
1164 2364 1372 2430 visum
1436 2385 1511 2428 ac
1570 2364 1846 2448 spatium
1868 2412 1884 2443 ,
1945 2383 2069 2447 quo

249 2466 495 2532 Caesar
539 2468 618 2531 ab
665 2468 887 2533 amicis
930 2469 996 2531 in
1041 2468 1525 2533 tabernaculum
1568 2473 1922 2553 raperetur.

382 2571 485 2633 36.
553 2570 1001 2636 Consultatum
1032 2572 1121 2636 ibi
1154 2572 1235 2638 de
1269 2570 1589 2653 remedi03
1638 2573 1879 2636 etenim
1910 2592 2072 2635 nun-

246 2673 530 2738 tiabatur
571 2675 780 2759 parari
823 2676 1076 2759 legatos
1121 2676 1229 2759 qui
1276 2676 1676 2759 superiorem
1716 2676 2072 2739 exercitum

247 2776 338 2841 ad
369 2799 624 2843 causam
654 2777 928 2843 eandem
972 2782 1331 2843 traherent:
1382 2778 1770 2843 destinatum
1818 2778 2070 2844 excidio

255 2880 570 2946 Ubiorum
627 2880 938 2965 oppidum
996 2881 1403 2965 imbutasque
1450 2882 1693 2967 praeda
1737 2904 1963 2947 manus
2008 2883 2075 2946 in

250 2984 683 3069 direptionem
711 2984 1066 3050 Galliarum
1095 2991 1453 3071 erupturas,
1519 2986 1799 3071 augebat
1830 2993 2074 3051 metum
2094 3018 2119 3056 5

248 3110 490 3173 gnarus
520 3088 856 3154 Romanae
887 3090 1224 3155 seditionis
1262 3096 1346 3172 et,
1385 3090 1448 3153 'si
1482 3092 1887 3156 omitteretur
1914 3094 2075 3175 ripa,

252 3192 590 3256 invasurus
637 3192 874 3257 hostis:
921 3199 1008 3276 at,
1055 3194 1108 3258 si
1154 3193 1397 3265 auxilia
1441 3200 1509 3257 et
1538 3193 1698 3258 socii
1734 3192 2077 3257 adversum

251 3295 663 3360 abscedentis
725 3295 1018 3380 legiones
1077 3305 1511 3380 armarentur,
1581 3298 1766 3362 civile
1836 3297 2078 3363 bellum

250 3400 513 3485 suscipi.
605 3402 968 3486 periculosa
1014 3402 1357 3483 severitaS,
1415 3402 1733 3484 flagitiosa
1786 3402 2077 3485 largitio:

1688 3502 1767 3554 2*
