2467 3900
666 227 743 265 AB
770 223 1022 265 EXOESSU
1048 223 1179 264 DIVI
1201 223 1465 265 AUGUSTI·
1483 225 1546 263 1v
1574 224 1745 264 24—2'1.
2004 220 2114 276 177

290 385 416 468 liis,
450 391 931 451 consectentur:
964 405 1097 448 non
1119 383 1242 447 nisi
1269 383 1430 448 duce
1455 384 1796 472 interfecto
1828 384 2118 469 requiem

292 489 449 554 belli
509 489 668 555 fore.
767 496 833 554 at
894 489 1006 554 ille
1071 489 1342 554 deiectis
1404 489 1643 554 circum
1706 490 2118 575 stipatoribus

292 595 639 679 vinctoque
697 595 826 660 iam
884 594 1016 660 filio
1078 599 1145 660 et
1189 593 1410 659 effusis
1455 593 1738 678 undique
1784 593 2192 675 Romanis,20

292 699 539 764 ruendo
598 699 665 763 in
718 699 853 764 tela
910 697 1354 783 captivitatem
1411 696 1587 762 haud
1645 697 1850 762 inulta
1911 703 2119 762 morte

295 803 523 888 effugit
565 805 749 888 isque
794 803 938 867 finis
982 803 1173 866 armis
1218 802 1578 888 impositus.

428 907 532 972 26.
597 906 983 972 Dolabellae
1022 906 1274 990 petenti
1313 905 1536 969 abnuit
1566 907 1982 991 triumphalia
2013 906 2120 972 Ti-

295 1011 547 1093 berius,
596 1011 829 1076 Seiano
877 1011 1202 1091 tribuens,
1247 1031 1330 1075 ne
1377 1009 1597 1074 Blaesi
1640 1011 1939 1075 avunculi
1975 1012 2133 1076 eius¹

294 1117 433 1180 laus
499 1116 955 1180 obsolesceret.
1046 1114 1162 1179 sed
1212 1135 1426 1198 neque
1487 1113 1760 1179 Blaesus
1813 1113 1967 1178 ⁴ideo
2026 1107 2130 1178 in-“

291 1219 554 1284 lustrior
611 1225 678 1283 et
718 1219 871 1283 huic
926 1225 1199 1303 negatus
1245 1219 1454 1282 honor
1498 1217 1769 1302 gloriam
1813 1217 2120 1284 intendit:

294 1324 534 1408 quippe
579 1323 831 1388 minore
864 1323 1157 1388 exercitu
1192 1321 1466 1406 insignis
1499 1323 1807 1406 captivos,
1856 1321 2175 1397 caedem&¹

296 1427 478 1492 ducis
508 1429 793 1513 bellique
833 1430 1110 1494 confecti
1138 1429 1377 1493 famam
1421 1427 1817 1514 deportarat.
1891 1449 2122 1514 seque-

294 1533 527 1597 bantur
572 1538 641 1598 et
686 1532 1151 1598 Garamantum
1194 1532 1426 1616 legati,
1471 1531 1620 1596 raro
1666 1531 1730 1595 in
1775 1532 1936 1597 urbe
1981 1532 2124 1616 visi,

297 1655 475 1722 quos=
504 1635 906 1702 Tacfarinate
970 1650 1178 1701 caeso·
1219 1636 1518 1721 perculsa
1578 1658 1739 1720 gens
1785 1643 1852 1702 et
1896 1637 2126 1722 culpae

294 1743 513 1808 nescia
570 1742 652 1806 ad
717 1745 869 1808 satis
924 1741 1294 1806 faciendum
1355 1741 1598 1826 populo
1645 1741 1944 1806 Romano
2003 1743 2124 1806 mi-

296 1853 517 1911 serat·
576 1847 853 1931 cognitis
913 1846 1150 1911 dehinc
1193 1845 1561 1926 Ptolemaei
1605 1865 1724 1929 per
1767 1845 1836 1909 id
1879 1845 2120 1910 bellum
2141 1863 2209 1903 10-

296 1953 527 2017 studiis
572 1954 887 2037 repetitus
938 1973 1024 2017 ex
1066 1958 1328 2017 vetusto
1381 1970 1561 2015 more
1606 1950 1816 2015 honos
1859 1951 2124 2015 missus-

294 2076 421 2139 que
466 2077 502 2121 e
543 2056 947 2123 senatoribus
994 2058 1103 2141 qui
1136 2056 1492 2142 scipionem
1523 2055 1856 2137 eburnum,
1903 2060 2122 2139 togam

292 2160 553 2245 pictam,
600 2163 864 2246 antiqua
907 2168 1165 2247 patrum
1206 2182 1496 2243 munera,
1545 2160 1728 2226 daret
1771 2179 2124 2245 regemque

298 2270 365 2328 et
408 2266 655 2329 socium
700 2272 893 2350 atque
940 2266 1217 2329 amicum
1263 2264 1644 2350 appellaret.

428 2368 533 2429 27.
595 2367 845 2432 Eadem
889 2374 1135 2433 aestate
1182 2374 1360 2433 mota
1412 2389 1530 2453 per
1573 2368 1828 2432 Italiam
1875 2368 2124 2433 servilis

294 2471 452 2535 belli
476 2472 720 2537 semina
739 2472 873 2538 fors
898 2473 1241 2557 oppressit.
1291 2478 1516 2537 auctor
1534 2472 1846 2536 tumultus
1865 2471 1938 2535 Τ.
1963 2471 2122 2537 Our-

293 2575 498 2659 tisius‚
553 2576 878 2661 quondam
923 2576 1294 2661 praetoriae
1338 2576 1620 2641 cohortis
1665 2577 1870 2659 miles,
1914 2578 2120 2662 primo

295 2681 587 2745 coetibus
632 2680 1046 2745 clandestinis
1090 2678 1265 2765 apud
1297 2679 1717 2745 Brundisium
1755 2685 1822 2744 et
1853 2681 2122 2745 circum-

292 2784 463 2850 iecta
526 2784 800 2869 oppida,
864 2806 1021 2849 mox
1079 2784 1314 2870 positis
1376 2784 1715 2869 propalam
1758 2783 1994 2849 libellis
2039 2784 2166 2848 ad5

292 2889 655 2954 libertatem
700 2889 977 2954 vocabat
1012 2890 1297 2971 agrestia
1342 2908 1462 2974 per
1485 2888 1885 2973 longinquos
1921 2888 2121 2951 saltus

294 2999 362 3059 et
404 2992 647 3058 ferocia
694 2992 975 3074 servitia,
1022 3014 1170 3058 cum
1214 2993 1395 3058 velut
1439 3012 1706 3057 munere
1756 2992 1948 3057 deum
1990 2998 2123 3055 tres

290 3098 569 3165 biremes
605 3098 917 3185 adpulere
963 3097 1047 3161 ad
1082 3118 1232 3163 usus
1268 3097 1767 3162 commeantium
1795 3096 1908 3160 illo
1939 3095 2121 3159 mari.

296 3207 361 3266 et
406 3210 544 3267 erat
586 3202 799 3267 isdem
842 3202 1218 3286 regionibus
1256 3201 1486 3267 Cutius
1530 3201 1754 3286 Lupus
1798 3205 2120 3284 quaestor,

297 3304 399 3370 cui
453 3306 787 3389 provincia
846 3310 1072 3371 vetere
1133 3325 1219 3370 ex
1263 3324 1448 3370 more
1495 3304 1686 3369 Cales
1733 3309 2192 3370 eveneranttm

292 3407 347 3472 is
398 3408 1224 3494 disposita‘classiariorum
1286 3410 1474 3494 copia
1517 3413 1929 3493 coeptantem
1976 3428 2120 3472 cum
