2467 3900
362 227 475 288 154
1027 235 1306 276 cosman
1330 236 1527 276 'raom

360 402 546 462 rente
609 397 850 481 geniti,
922 395 1384 480 reddendaque
1441 397 1573 462 filio
1635 396 1826 462 dixit¹
1857 397 2182 464 adnuente

357 496 641 564 Tiberio.

488 606 593 670 69.
654 603 746 670 At
779 605 1118 672 Cornelius
1146 605 1494 672 Dolabella
1540 605 1695 672 dum
1741 605 2182 682 adulationem

354 707 611 792 longius
684 710 1005 794 sequitur,
1086 709 1415 794 increpitis
1486 709 1560 776 O.
1617 709 1817 775 Silani
1896 711 2180 776 moribus

279 812 283 816 ’
354 811 605 876 addidit
646 813 877 898 nequis
922 814 1055 878 vita
1097 813 1448 898 probrosus
1494 819 1560 878 et
1606 820 1872 898 opertus
1919 814 2180 879 infamia

318 897 747 1004 ⁸provinciam
792 920 1132 985 sortiretur
1174 920 1371 1005 idque
1418 919 1718 1004 princeps
1768 917 2170 984 diiudicaret.

306 1043 497 1086 snam
559 1044 598 1087 a
641 1023 899 1108 legibus
958 1024 1195 1090 delicta
1251 1024 1498 1108 puniri:
1559 1031 1798 1109 quanto
1846 1025 2065 1090 mitius
2110 1025 2174 1088 in

348 1129 557 1212 ipsOS,
601 1129 833 1194 melius
876 1130 943 1194 in
992 1129 1202 1195 socios
1248 1128 1576 1214 provideri
1619 1149 1700 1194 ne
1746 1129 2174 1214 peccaretur?

346 1233 696 1299 adversum
738 1254 905 1318 quae
936 1233 1240 1298 disseruit
1271 1232 1542 1298 Caesar:
1587 1253 1718 1298 non
1751 1231 2017 1317 quidem
2047 1232 2174 1297 sibi

276 1378 279 1380 v
346 1338 571 1423 ignara
614 1359 779 1424 quae
826 1337 908 1404 de
955 1337 1172 1403 Silano
1219 1337 1681 1421 vulgabantur‚
1743 1335 1860 1402 sed
1905 1359 2036 1402 non
2088 1357 2172 1401 ex

345 1461 605 1508 rumore
652 1441 1087 1507 statuendum.
1162 1443 1401 1508 multos
1445 1442 1510 1506 in
1558 1441 1903 1527 provinciis
1949 1447 2174 1506 contra

275 1558 326 1598 1⁰
347 1567 536 1630 quam
578 1567 727 1632 spes
772 1553 883 1610 aut
926 1551 1137 1610 metus
1196 1544 1280 1610 de
1324 1545 1450 1610 illis
1494 1545 1690 1610 fuerit
1734 1545 1984 1630 egisse:
2053 1565 2166 1609 ex-

345 1650 529 1715 citari
586 1649 901 1735 quosdam
961 1649 1045 1715 ad
1102 1650 1375 1714 meliora
1428 1649 1877 1733 magnitudine
1924 1670 2170 1731 rerum,

342 1751 694 1818 hebescere
723 1753 904 1820 alios.
962 1773 1176 1838 neque
1203 1773 1398 1838 posse
1427 1753 1786 1838 principem
1815 1775 1934 1818 sua
1955 1753 2166 1818 scien-

340 1856 431 1920 tia
476 1866 705 1923 cuncta
735 1857 1080 1942 complecti
1108 1877 1322 1942 neque
1353 1856 1664 1942 expedire
1710 1865 1781 1921 ut
1813 1856 2166 1922 ambitione

340 1962 551 2028 aliena
613 1964 920 2029 trahatur.
1012 1963 1161 2027 ideo
1232 1962 1416 2045 leges
1477 1962 1544 2025 in
1608 1962 1778 2027 facta
1839 1962 2162 2045 constitui,

273 2086 323 2129 ισ
340 2068 489 2152 quia
532 2068 747 2133 futura
791 2069 857 2133 in
902 2068 1147 2132 incerto
1180 2068 1328 2131 sint.
1402 2068 1492 2131 sic
1525 2088 1564 2131 a
1599 2066 1950 2133 maioribus
1978 2066 2158 2132 insti-

340 2178 579 2255 tutum,
647 2179 749 2255 ut,
815 2172 867 2237 si
922 2172 1232 2239 antissent
1291 2169 1553 2251 delicta,
1613 2191 1864 2255 poenae
1921 2191 2152 2256 seque-

336 2281 578 2341 rentur.
641 2295 723 2341 ne
769 2280 1101 2341 verterent
1144 2274 1471 2359 sapienter
1505 2281 1764 2358 reperta
1801 2283 1866 2340 et
1898 2294 2156 2359 semper

337 2378 591 2462 placita.
656 2380 809 2444 satis
857 2399 1122 2444 onerum
1156 2377 1569 2464 principibus,
1613 2380 1768 2443 satis
1813 2380 2008 2445 etiam
2039 2400 2155 2464 po-

334 2484 596 2548 tentiae.
664 2484 866 2547 minui
900 2484 1059 2563 iura,
1095 2481 1392 2568 quotiens
1425 2482 1654 2565 gliscat
1686 2489 1998 2567 potestas,
2034 2504 2156 2549 nec

266 2587 647 2653 mutendum
689 2588 982 2672 imperi0,
1028 2587 1139 2653 ubi
1173 2586 1428 2670 legibus
1469 2585 1578 2670 agi
1610 2586 1831 2671 possit.
1913 2593 2153 2671 quanto

333 2692 536 2757 rarior
566 2692 739 2775 apud
764 2692 1092 2758 Tiberium
1116 2691 1532 2777 popularitas,
1564 2678 1741 2758 tanto
1773 2691 2155 2757 laetioribus

330 2796 558 2861 animis
590 2803 875 2881 accepta.
944 2805 1139 2881 atque
1181 2796 1293 2860 ille
1325 2794 1610 2880 prudens
1652 2795 2054 2877 moderandi,
2101 2797 2154 2860 si

330 2901 591 2985 propria
651 2901 745 2965 ira
806 2921 939 2966 non
999 2899 1471 2984 impelleretur,
1548 2897 1799 2965 addidit
1869 2900 2146 2965 insulam

333 3004 620 3088 Gyarum
662 3003 953 3069 inmitem
997 3010 1064 3068 et
1106 3002 1246 3067 sine
1293 3003 1470 3067 cultu
1505 3002 1870 3069 hominum:
1919 3003 2148 3069 darent

264 3133 316 3173 π
327 3106 553 3172 Iuniae
597 3107 875 3173 familiae
920 3115 987 3173 et
1030 3108 1168 3172 viro
1200 3107 1524 3192 quondam
1559 3107 1799 3175 ordinis
1832 3108 2142 3190 eiusdem,

328 3218 403 3283 ut
436 3210 760 3295 Cythnum
804 3213 1021 3295 potius
1066 3210 1472 3278 concederet.
1541 3211 1609 3275 id
1650 3234 1943 3279 sororem
1984 3234 2145 3298 quo-

330 3336 456 3399 que
500 3315 699 3383 Silani
742 3316 1166 3401 Torquatam,
1215 3314 1462 3400 priscae
1511 3316 1971 3383 sanctimoniae
2016 3317 2144 3382 vir-

328 3418 565 3501 ginem,
588 3426 921 3503 expetere.
963 3419 1028 3484 in
1047 3418 1211 3485 hanc
1232 3420 1617 3486 sententiam
1634 3420 1800 3486 facta
1821 3419 2148 3488 discessio.
