2467 3900
370 215 481 270 142
1025 220 1303 260 CORNELII
1330 220 1526 260 'rAcl'rI

363 402 447 444 ex
494 401 573 444 eo
619 385 900 461 metuas,
960 378 1067 463 qui
1112 400 1375 443 suorum
1418 379 1556 464 ipse
1600 380 1994 462 flagitiorum
2038 401 2188 464 pro-

362 484 532 548 ditor
574 504 707 549 non
742 483 1025 548 virorum
1072 483 1301 548 animis
1348 483 1465 548 sed
1507 485 2028 550 muliercularum
2073 486 2185 550 ad-

290 607 341 645 20
360 589 547 675 repit.
639 589 826 653 cedat
878 594 1094 652 tamen
1150 589 1308 653 urbe
1371 595 1436 654 et
1492 588 1677 654 bonis
1730 589 1977 653 amissis
2022 610 2189 674 aqua

362 701 428 758 et
471 694 608 777 igni
652 700 973 758 arceatur:
1021 693 1195 777 quod
1234 677 1504 777 perinde
1552 713 1784 758 censeo
1832 714 1908 757 ac
1953 691 2006 756 si
2035 693 2184 777 lege

359 799 710 863 maiestatis
756 795 1130 863 teneretur.‘

489 903 594 966 51.
659 901 847 966 Solus
894 901 1144 986 Lepido
1197 901 1538 966 Rubellius
1582 901 1872 966 Blandus
1932 920 1967 965 e
2028 922 2182 965 con-

359 1008 673 1072 sularibus
738 1007 1056 1071 adsensit:
1136 1007 1333 1072 ceteri
1407 1006 1792 1071 sententiam
1851 1004 2183 1090 Agrippae

368 1111 573 1175 secuti
619 1112 976 1196 ductusque
1032 1111 1098 1176 in
1158 1132 1484 1176 carcerem
1526 1111 1784 1176 Priscus
1842 1131 1916 1175 ac
1972 1111 2186 1175 statim

361 1217 782 1280 exanimatus.
873 1214 941 1278 id
993 1215 1290 1281 Tiberius
1355 1217 1560 1282 solitis
1625 1217 1746 1281 sibi
1805 1216 2184 1298 ambagibus

318 1318 531 1405 sapud
576 1324 870 1383 senatum
908 1319 1242 1402 incusavit,
1291 1341 1436 1383 cum
1485 1319 1848 1388 extolleret.
1876 1319 2184 1405 pietatem

363 1425 650 1509 quamvis
708 1422 993 1487 modicas
1044 1423 1355 1508 principis
1400 1424 1665 1488 iniurias
1711 1424 1944 1489 acriter
1989 1424 2181 1489 ulcis-

361 1528 675 1610 centium,
737 1526 1191 1612 deprecaretur
1248 1533 1381 1590 tam
1426 1527 1797 1612 praecipitis
1841 1527 2184 1593 verborum

361 1651 633 1714 poenas3
697 1629 992 1695 laudaret
1034 1629 1390 1716 Lepidum·
1418 1652 1629 1716 neque
1675 1630 2038 1716 Agrippam
2082 1651 2182 1694 ar-

356 1740 605 1820 gueret.
677 1735 876 1819 igitur
919 1734 1155 1800 factum
1202 1739 1463 1799 senatus
1511 1735 1897 1818 consultum,
1942 1755 2027 1799 ne
2067 1734 2180 1800 de-

293 1853 343 1893 10
362 1846 537 1905 creta
578 1845 831 1925 patrem
874 1839 1137 1904 tertium
1184 1844 1332 1904 ante
1373 1838 1544 1902 diem
1591 1839 1674 1904 ad
1712 1839 2025 1903 aerarium
2070 1837 2182 1902 de-

360 1945 680 2012 ferrentur
737 1943 931 2031 idque
978 1944 1148 2009 vitae
1192 1943 1471 2029 spatium
1517 1934 1830 2008 damnatis
1874 1964 2184 2029 proroga-

359 2057 555 2117 retur.
648 2048 763 2114 sed
807 2069 938 2114 non
984 2049 1231 2112 senatui
1283 2047 1547 2112 libertas
1596 2046 1680 2111 ad
1724 2048 2185 2133 paenitendum

363 2162 500 2220 erat
520 2175 733 2238 neque
752 2153 1045 2218 Tiberius
1064 2153 1405 2217 interiectu
1423 2153 1733 2238 temporis
1755 2152 2184 2237 mitigabatur.

494 2260 597 2321 52.
662 2256 734 2321 O.
768 2256 1088 2340 Sulpicius
1117 2256 1201 2321 D.
1232 2256 1544 2321 Haterius
1581 2257 1877 2322 consules
1908 2277 2184 2341 sequun-

361 2369 496 2442 tur;
556 2360 917 2425 inturbidus
978 2361 1264 2424 externis
1323 2361 1514 2425 rebus
1561 2384 1798 2444 annuS,
1859 2361 2035 2425 domi
2079 2382 2185 2423 su-

362 2471 585 2550 specta
628 2466 971 2544 severitate
1019 2465 1363 2529 adversum
1390 2466 1639 2548 luxum,
1687 2466 1797 2550 qui
1824 2465 2187 2528 inmensum

362 2574 745 2655 proruperat
773 2567 856 2632 ad
888 2574 1115 2633 cuncta
1148 2570 1288 2656 quis
1317 2569 1591 2654 pecunia
1621 2569 2003 2655 prodigitur.
2069 2568 2187 2633 sed

322 2673 488 2738 salia
549 2680 951 2757 sumptuum,
1021 2674 1310 2757 quamvis
1373 2674 1704 2758 graviora,
1771 2673 2186 2738 dissimulatis

296 2764 308 2773 ’
367 2779 740 2863 plerumque
796 2777 1019 2863 pretiis
1079 2778 1597 2859 occultabantur3
1658 2778 1901 2842 ventris
1963 2782 2027 2841 et
2071 2796 2184 2861 ga-

362 2904 523 2947 neae
561 2888 819 2967 paratus
856 2882 1141 2947 adsiduis
1178 2882 1581 2947 sermonibus
1621 2882 1868 2965 vulgati
1899 2882 2187 2946 fecerant

364 3007 615 3068 curam,
660 3006 741 3049 ne
792 2985 1091 3070 princeps
1138 2986 1440 3070 antiquae
1485 2984 1918 3069 parsimoniae
1965 2983 2185 3048 durius

363 3090 749 3156 adverteret.
825 3110 973 3153 nam
1019 3089 1368 3174 incipiente
1404 3088 1475 3154 O.
1508 3089 1743 3154 Bibulo
1777 3089 2023 3154 aediles
2057 3087 2185 3150 dis-

297 3222 347 3261 10
365 3199 698 3259 seruerant
760 3193 976 3278 sperni
1043 3194 1504 3278 sumptuariam
1567 3195 1784 3278 legem
1855 3193 2185 3277 vetitaque

363 3298 734 3362 utensilium
772 3298 983 3382 pretia
1026 3297 1251 3381 augeri
1296 3298 1362 3361 in
1411 3296 1548 3362 dies
1593 3318 1714 3362 nec
1753 3297 2188 3363 mediocribus

363 3401 642 3465 remedis
697 3402 789 3465 uti
845 3421 1059 3486 posse.
1152 3408 1217 3465 et
1265 3402 1538 3467 consulti
1597 3408 1813 3487 patres
1862 3403 2187 3486 integrum
