2467 3900
336 171 414 230 82
991 173 1271 216 conmn
1294 175 1493 216 mon-1

335 333 401 398 in
466 331 798 399 dominum
857 337 1014 396 erat.
1101 337 1243 396 tum
1296 353 1417 418 per
1472 332 1751 399 idoneos
1810 339 1878 399 et
1933 335 2189 398 secreti

336 438 547 504 socios
570 437 919 504 crebrescit
939 437 1157 503 vivere
1181 436 1562 523 Agrippam,
1596 438 1865 504 occultis
1889 438 2187 525 primum

263 564 315 604 ιε
333 543 770 625 sermonibus,
828 547 900 606 ut
942 541 1144 606 vetita
1189 541 1435 623 solent,
1488 562 1646 605 mox
1689 561 1859 626 vago
1906 562 2183 607 rumore

333 647 506 733 apud
563 645 1006 732 inperitissimi
1065 645 1373 730 cuiusque
1431 652 1764 733 promptas
1822 668 2013 712 aures
2060 653 2183 711 aut

331 772 584 816 rursum
629 751 804 837 apud
847 751 1142 816 turbidos
1189 770 1401 835 eoque
1435 771 1609 817 nova
1637 751 1994 836 cupientes.
2072 756 2179 816 at-

334 876 458 940 que
503 856 643 938 ipse
689 855 868 921 adire
913 855 1262 940 municipia
1301 857 1574 922 obscuro
1610 855 1742 921 diei
1768 876 1983 940 neque
2014 875 2175 941 pro·

331 959 546 1044 palam
589 959 791 1045 aspici
833 979 1046 1044 neque
1093 959 1335 1024 diutius
1378 959 1588 1025 isdem
1632 960 1813 1044 locis,
1860 959 1980 1026 sed
2016 961 2179 1044 quia

261 1081 314 1124 πο
331 1063 570 1128 veritas
610 1063 756 1128 visu
799 1068 865 1128 et
907 1082 1110 1146 mora,
1155 1062 1319 1128 falsa
1362 1063 1775 1130 festinatione
1808 1070 1875 1129 et
1903 1063 2175 1129 incertis

330 1167 684 1250 valescunt,
730 1166 1134 1252 relinquebat
1177 1167 1416 1232 famam
1462 1173 1573 1232 aut
1618 1167 2103 1252 praeveniebat.

460 1273 566 1335 40.
623 1270 1032 1356 Vulgabatur
1076 1273 1333 1339 interim
1377 1294 1496 1358 per
1538 1273 1796 1338 Italiam
1838 1280 2175 1339 servatum

332 1395 597 1440 munere
631 1375 825 1440 deum
851 1374 1232 1462 Agrippam,
1266 1377 1650 1444 credebatur
1679 1377 1959 1460 Romae3
2008 1379 2175 1442 iam-

331 1500 457 1564 que
506 1478 755 1544 Ostiam
813 1480 1141 1547 invectum
1195 1482 1542 1548 multitudo
1588 1481 1822 1567 ingens
1839 1532 1856 1565 ,
1912 1483 2042 1546 iam
2103 1483 2174 1548 in

331 1585 492 1648 urbe
521 1583 907 1650 clandestini
935 1591 1159 1650 coetus
1191 1585 1623 1668 celebrabant,
1660 1607 1807 1651 cum
1834 1585 2175 1652 Tiberium

287 1711 312 1750 5
331 1708 568 1773 anceps
599 1708 752 1753 eura
781 1688 1158 1772 distrahere,
1206 1689 1354 1755 vine
1389 1689 1661 1754 militum
1692 1710 1951 1754 servum
1983 1709 2173 1754 coer-

332 1796 509 1857 ceret
571 1813 654 1856 an
698 1792 978 1858 inanem.
1009 1791 1461 1858 credulitatem
1502 1800 1801 1879 tempore
1854 1794 1997 1880 ipso
2048 1815 2171 1860 va-

329 1917 598 1964 nescere
619 1898 888 1965 sineret:
921 1897 1118 1964 modo
1146 1899 1307 1965 nihil
1337 1899 1792 1986 spernendum,
1814 1899 2009 1965 modo
2030 1920 2170 1966 non

332 2004 549 2069 omnia
589 2005 940 2069 metuenda
983 2004 1327 2089 ambiguus
1371 2003 1638 2088 pudoris
1684 2025 1759 2070 ac
1802 2012 2014 2069 metus
2058 2024 2168 2069 re-

329 2106 616 2192 putabat.
684 2115 1014 2192 postremo
1063 2106 1175 2173 dat
1203 2110 1541 2191 negotium
1572 2108 1874 2175 Sallustio
1910 2107 2167 2193 Crispo,

261 2228 310 2268 10
328 2210 438 2276 ille
473 2232 508 2276 e
537 2211 876 2277 clientibus
899 2212 1062 2276 duos
1083 2211 1372 2297 (quidam
1390 2212 1629 2278 milites
1650 2212 1849 2278 fuisse
1870 2210 2165 2293 tradunt)

332 2316 560 2401 deligit
590 2320 781 2400 atque
812 2316 1126 2398 hortatur,
1159 2317 1458 2382 simulata
1486 2316 1881 2389 conscientia
1902 2315 2164 2398 adeant,

331 2417 609 2483 offerant
639 2419 994 2504 pecuniam,
1039 2419 1234 2484 fidem
1265 2424 1457 2504 atque
1489 2420 1777 2506 pericula
1805 2419 2164 2505 pollicean-

329 2528 452 2586 tur.
528 2530 967 2609 exsequuntur
1012 2528 1083 2588 ut
1124 2523 1369 2589 iussum
1414 2530 1573 2588 erat.
1649 2523 1800 2588 dein
1847 2524 2163 2608 speculati

328 2635 586 2693 noctem
630 2627 1106 2708 incustoditam,
1149 2610 1417 2710 accepta
1459 2625 1696 2691 idonea
1725 2647 1939 2709 manu,
1984 2626 2163 2691 vinc-

259 2748 309 2788 15
328 2736 465 2795 tum
511 2733 724 2797 clauso
776 2753 888 2797 ore
930 2732 997 2798 in
1033 2730 1359 2797 Palatium
1402 2736 1681 2796 traxere.
1755 2730 2162 2817 percontanti

327 2835 609 2917 Tiberio,
655 2858 783 2922 quo
828 2836 1028 2902 modo
1059 2835 1355 2922 Agrippa
1396 2834 1603 2900 factus
1650 2842 1842 2918 esset,
1887 2856 2158 2922 respon-

331 2939 500 3005 disse
564 2940 767 3005 fertur
821 2960 969 3025 ,quo
1033 2939 1230 3005 modo
1296 2944 1369 3003 tu
1430 2936 1711 3003 Caesar.‘
1798 2944 1871 3003 ut
1933 2938 2159 3005 ederet

328 3045 539 3110 socios
595 3045 805 3129 subigi
859 3066 992 3110 non
1048 3044 1278 3130 potuit.
1366 3064 1489 3107 nec
1532 3043 1827 3109 Tiberius
1879 3063 2158 3129 poenam

327 3150 540 3233 palam
602 3168 794 3212 ausus
813 3197 830 3231 ,
894 3148 963 3212 in
1025 3156 1277 3213 secreta
1335 3147 1572 3212 Palatii
1638 3154 1824 3233 parte
1884 3148 2157 3213 interfici

261 3272 313 3313 20
327 3250 512 3316 iussit
542 3272 902 3339 corpusque
934 3253 1100 3317 clam
1129 3250 1387 3317 auferri.
1457 3258 1525 3316 et
1552 3273 1942 3338 quamquam
1974 3252 2157 3317 multi

331 3374 368 3417 e
416 3352 608 3418 domo
655 3354 961 3441 principis
1009 3356 1385 3440 equitesque
1432 3376 1507 3420 ac
1542 3363 1877 3423 senatores
1908 3363 2155 3421 susten-
