2467 3900
330 229 440 284 192
959 212 1235 270 CORNELII
1262 228 1459 269 'mom

326 391 484 456 tusis
513 391 873 455 Thraecum
921 390 1031 474 qui
1074 389 1389 454 montium
1436 389 1504 452 in
1550 387 1739 452 editis
1786 388 1924 452 sine
1973 387 2148 451 cultu

327 502 532 581 atque·
569 518 647 561 eo
696 495 977 560 ferocius
1023 493 1375 578 agitabant.
1460 514 1651 558 causa
1696 497 1911 555 motus
1957 512 2151 575 super

286 601 660 665 5hominum
712 600 1046 683 ingenium
1105 597 1280 684 quod
1340 598 1475 683 pati
1533 597 1805 660 dilectus
1866 601 1933 660 ct
1988 596 2151 659 vali-

329 704 664 768 dissimum
719 723 1037 787 quemque
1098 703 1365 766 militiae
1424 707 1683 767 nostrae
1733 700 1885 764 dare
1934 721 2155 786 asper-

326 810 642 874 nabantur
683 828 765 871 ne
817 807 1080 891 regibus
1125 807 1389 890 quidem
1433 827 1663 892 parere
1708 805 1831 868 nisi
1877 825 1962 868 ex
2005 805 2151 868 libi-

332 911 478 976 dine
527 911 698 974 soliti
733 917 863 995 aut,
910 911 964 974 si
992 911 1327 975 mitterent
1356 909 1615 993 auxilia,
1664 929 1815 973 suos
1848 907 2153 972 ductores

328 1015 676 1099 praeficere
721 1036 843 1079 nec
887 1015 1010 1079 nisi
1055 1015 1399 1080 adversum
1445 1014 1697 1078 accolas
1740 1013 2152 1097 belligerare.

261 1138 309 1176 10
328 1141 403 1184 ac
447 1125 584 1184 tum
626 1140 847 1184 rumor
889 1119 1243 1184 incesserat
1286 1120 1424 1184 fore
1468 1125 1543 1182 ut
1588 1118 1840 1184 disiecti
1880 1118 2155 1202 aliisque

327 1223 695 1287 nationibus
731 1223 1036 1308 permixti
1071 1223 1357 1287 diversas
1386 1222 1455 1285 in
1485 1228 1689 1286 terras
1722 1222 2155 1286 traherentur.

328 1328 445 1392 sed
507 1332 852 1411 antequam
909 1349 1084 1391 arma
1139 1327 1529 1412 inciperent,
1597 1325 1832 1390 misere
1901 1326 2157 1409 legatos

329 1432 675 1496 amicitiam
745 1431 1247 1514 obsequiumque
1313 1435 1783 1494 memoraturos
1844 1434 1911 1494 et
1974 1450 2154 1492 man-

329 1558 479 1602 sura
520 1536 700 1618 haec,
749 1536 802 1599 si
837 1536 1015 1599 nullo
1060 1555 1230 1600 novo
1265 1555 1461 1599 onere
1496 1539 2006 1620 temptarentur:
2056 1534 2158 1597 sin

262 1665 312 1704 15
330 1646 402 1703 ut
444 1639 632 1702 victis
679 1637 1028 1726 servitium,
1055 1638 1483 1721 indiceretur,
1543 1658 1687 1702 esse
1748 1638 1868 1702 sibi
1912 1639 2156 1704 sermm

334 1749 398 1806 et
440 1743 844 1807 iuventutem
891 1747 958 1806 et
1001 1748 1373 1827 promptum
1402 1741 1688 1806 libertati
1725 1747 1837 1806 aut
1866 1742 1951 1806 ad
1980 1765 2156 1807 mor-

331 1850 466 1909 tem
507 1845 810 1909 animum.
901 1845 1089 1909 simul
1134 1845 1399 1909 castella
1440 1846 1707 1930 rupibus
1751 1847 1957 1911 indita
2002 1867 2157 1910 con-

332 1948 628 2034 latosque
685 1950 837 2015 illuc
897 1957 1198 2036 parentes
1257 1956 1324 2015 et
1384 1952 1694 2036 coniuges
1742 1952 2161 2017 ostentabant

332 2052 704 2138 bellumque
768 2055 1152 2139 impeditum
1196 2054 1472 2118 arduum
1519 2060 1856 2119 cruentum
1900 2055 2156 2120 minita-

264 2184 315 2224 20
332 2158 586 2223 bantur.

464 2264 568 2325 47.
645 2260 737 2324 At
797 2262 1108 2343 Sabinus,
1175 2260 1384 2328 donec
1443 2263 1766 2327 exercitus
1828 2262 1896 2328 in
1956 2286 2158 2330 unum

335 2363 759 2447 conduceret,
823 2364 989 2428 datis
1050 2364 1313 2429 mitibus
1375 2366 1733 2450 responsis,
1812 2374 2157 2452 postquam

332 2469 734 2553 Pomponius
794 2467 1015 2534 Labeo
1084 2490 1119 2533 e
1164 2468 1415 2533 Moesia
1477 2490 1621 2534 cum
1683 2470 1977 2553 legione,
2038 2491 2160 2535 rex

331 2573 832 2639 Rhoemetalces
879 2594 1022 2639 cum
1053 2575 1310 2639 auxiliis
1342 2575 1772 2659 popularium,
1820 2575 1931 2660 qui
1959 2574 2158 2639 fidem

293 2699 464 2743 tnon
507 2685 942 2762 mutaverant,
1001 2700 1275 2762 venere,
1336 2678 1557 2743 addita
1600 2679 1926 2763 praesenti
1972 2680 2161 2763 copia

333 2781 414 2847 ad
459 2782 718 2847 hostem
764 2784 976 2870 pergit
1022 2783 1453 2869 compositum
1498 2785 1624 2847 iam
1668 2805 1785 2869 per
1827 2784 2158 2867 angustias

334 2890 631 2953 saltuum.
722 2889 985 2972 quidam
1047 2887 1392 2953 audentius
1455 2888 1695 2973 apertis
1756 2889 1823 2951 in
1885 2887 2158 2953 collibus

330 2993 732 3076 visebantur,
797 3013 958 3078 quos
1023 2992 1159 3056 dux
1201 2991 1535 3055 Romanus
1594 2992 1729 3057 acie
1778 3013 2160 3077 suggressus

331 3096 507 3162 haud
553 3117 748 3180 aegre
794 3096 1044 3181 pepulit
1091 3096 1404 3179 sanguine
1442 3097 1861 3161 barbarorum
1898 3096 2156 3162 modico

267 3228 318 3267 10
335 3201 417 3264 ob
464 3202 826 3285 propinqua
871 3199 1167 3282 suffugia.
1232 3221 1389 3264 mox
1436 3203 1659 3265 castris
1705 3202 1771 3265 in
1802 3204 1949 3267 loco
1983 3222 2157 3265 com-

335 3304 596 3367 munitis
654 3301 870 3366 valida
919 3324 1116 3366 manu
1159 3309 1448 3369 montem
1497 3312 1771 3389 occupat
1815 3310 2161 3389 angustum

336 3413 402 3471 et
446 3406 699 3490 aequali
745 3403 936 3469 dorso
985 3408 1361 3472 continuum
1405 3429 1610 3493 usque
1656 3410 1738 3473 ad
1785 3408 2155 3494 proximum
