2467 3900
646 239 722 278 AB
750 238 1004 279 EXGESSU
1032 239 1162 278 DIVI
1188 238 1443 279 AUGUSTI
1471 239 1533 278 VI
1560 239 1728 279 28—30.
1974 235 2085 291 237

275 401 358 464 de
405 420 475 462 se
523 384 888 462 statuebant
931 397 1362 462 humabantur
1410 419 1701 484 corpora,
1745 399 2091 464 manebant

271 506 678 583 testamenta,
720 502 1002 586 pretium
1030 500 1401 566 festinandi.
1464 503 1579 567 sed
1614 501 1853 567 Caesar
1880 504 2090 568 missis

149 659 154 664 .
273 607 356 672 ad
413 613 704 671 senatum
760 605 991 670 litteris
1054 604 1357 672 disseruit
1410 627 1657 670 morem
1718 607 2089 690 maioribus,

273 711 570 796 quotiens
619 709 996 774 dirimerent
1051 709 1395 789 amicitiae,
1456 709 1845 775 interdicere
1893 710 2087 776 domo
2108 732 2159 770 ιο

273 833 548 898 eumque
592 813 788 876 finem
834 811 1083 895 gratiae
1127 832 1407 896 ponere:
1468 813 1536 876 id
1592 835 1661 878 se
1706 814 2088 899 repetivisse

269 919 334 983 in
377 918 685 982 Labeone
731 921 922 1000 atque
967 917 1170 997 illum,
1216 916 1368 999 quia
1404 918 1573 980 male
1609 916 2086 983 administratae

269 1021 636 1106 provinciae
683 1020 1079 1103 aliorumque
1127 1020 1463 1084 criminum
1499 1022 1905 1104 arguebatur,
1955 1023 2087 1086 cul-

269 1150 420 1213 pam
477 1124 724 1192 invidia
777 1125 1126 1206 velavisse,
1168 1125 1425 1189 >frustra
1472 1126 1819 1190 conterrita
1860 1145 2087 1208 uxore,

271 1251 462 1316 quam
525 1230 645 1294 etsi
703 1232 1050 1293 nocentem
1111 1227 1385 1313 periculi
1449 1233 1669 1291 tamen
1728 1235 2087 1313 expertem.
2109 1251 2159 1289 15

270 1335 632 1398 Mamercus
695 1331 844 1396 dein
898 1330 1177 1395 Scaurus
1234 1351 1484 1394 rursum
1542 1333 1933 1416 postulatur,
1990 1334 2086 1398 in-

271 1439 470 1523 signis
514 1436 853 1502 nobilitate
901 1441 967 1500 et
1013 1433 1274 1500 orandis
1332 1434 1568 1515 causis,
1624 1435 1759 1498 vita
1815 1437 2085 1520 probro-

271 1563 398 1606 sus.
459 1541 620 1606 nihil
654 1542 825 1605 hunc
857 1537 1140 1603 amicitia
1168 1537 1388 1602 Seiani
1429 1538 1547 1603 sed
1575 1538 1875 1604 labefecit
1913 1539 2085 1604 haud

269 1646 480 1709 minus
537 1644 820 1708 validum
889 1641 971 1708 ad
1037 1643 1234 1708 exitia
1279 1643 1602 1708 Macronis
1666 1644 1915 1728 odium,
1977 1646 2087 1730 qui

270 1749 533 1815 easdem
591 1754 762 1814 artes
821 1747 1132 1813 occultius
1191 1746 1568 1826 exercebat3
1642 1746 2086 1832 detuleratque
2104 1776 2159 1815 20

272 1861 718 1940 argumentum
747 1853 1123 1936 tragoediae
1171 1871 1210 1914 a
1240 1851 1481 1915 Scauro
1529 1849 1805 1930 scriptae
1850 1849 2088 1915 additis

269 1961 562 2025 versibus
633 1959 742 2044 qui
819 1959 885 2022 in
946 1956 1278 2021 Tiberium
1345 1956 1787 2019 flecterentur:
1863 1974 2086 2018 verum

271 2065 351 2129 ab
397 2063 670 2128 Servilio
720 2069 786 2126 et
828 2061 1128 2127 Cornelio
1176 2058 1655 2137 accusatoribus
1700 2056 2089 2123 adulterium

266 2167 526 2249 Liviae,
583 2186 920 2251 magorum
966 2185 1146 2228 sacra
1192 2161 1702 2226 obiectabantur.
1790 2161 2085 2245 Scaurus,

270 2276 342 2333 ut
388 2270 653 2354 dignum
698 2268 1024 2333 veteribus
1069 2265 1404 2349 Aemiliis,
1451 2264 1928 2330 damnationem
1974 2286 2085 2329 an·
2104 2290 2158 2329 25

269 2376 412 2441 teiit
467 2375 770 2439 hortante
813 2372 1038 2439 Sextia
1081 2392 1288 2437 uxore
1305 2421 1323 2454 ,
1382 2391 1545 2456 quae
1603 2370 2083 2435 incitamentum

271 2479 494 2543 mortis
541 2484 606 2543 et
647 2477 970 2561 particeps
1014 2476 1154 2541 fuit.

401 2586 504 2648 30.
573 2583 676 2647 Ac
718 2589 954 2646 tamen.
990 2584 1431 2660 accusatores,
1490 2579 1545 2641 si
1602 2578 1870 2642 facultas
1927 2577 2084 2642 inci-

228 2740 230 2742 .
272 2688 474 2770 deret,
502 2685 730 2772 poenis
761 2682 1239 2765 adficiebantur,
1270 2687 1345 2746 ut
1375 2681 1681 2746 Servilius
1714 2680 2085 2746 Cornelius-

271 2817 392 2881 que
425 2793 686 2879 perdito-
715 2790 955 2855 Scauro
986 2788 1238 2868 famosi,
1276 2786 1425 2871 quia
1448 2785 1790 2869 pecuniam
1821 2805 1861 2847 a
1883 2782 2085 2847 Vario

266 2900 508 2984 Ligure
550 2894 944 2963 omittendae
978 2892 1321 2957 delationis
1367 2894 1691 2974 ceperant,
1734 2888 1802 2952 in
1845 2888 2085 2951 insulas

267 3001 610 3069 interdicto
657 3000 791 3083 igni
837 3004 1029 3083 atque
1076 3018 1243 3082 aqua
1287 2994 1531 3060 demoti
1568 2999 1731 3059 sunt.
1809 2999 1873 3058 et
1902 2991 2082 3056 Abu·
2105 3024 2131 3061 5

271 3109 414 3172 dius
456 3106 637 3169 Ruso
697 3103 952 3167 functus
1007 3101 1341 3165 aedilitate
1388 3098 1543 3163 dum
1584 3095 1863 3162 Lentulo
1914 3093 2083 3159 Gae-

266 3212 498 3291 tulicO,
573 3208 691 3272 sub
755 3226 882 3291 quo
945 3205 1192 3289 legioni
1254 3202 1653 3288 praefuerat,
1726 3198 2085 3285 periculum

268 3314 544 3396 facessit,
577 3310 752 3397 quod
775 3310 830 3373 is
854 3308 1072 3374 Seiani
1099 3308 1302 3372 filium
1330 3327 1643 3392 generum
1681 3303 2084 3386 destinasset,

267 3420 438 3484 ultro
487 3416 824 3481 damnatur
869 3418 1062 3496 atque
1106 3412 1265 3476 urbe
1315 3410 1614 3493 exigitur.
1708 3406 2081 3473 Gaetulicus
