2467 3900
718 201 793 246 AB
820 206 1073 248 nxcnssu
1098 207 1231 248 nm
1258 206 1514 248 Aueusm
1539 207 1586 247 11
1611 207 1783 246 42-44.
2081 203 2156 260 85

322 365 705 432 violentum..
744 371 811 430 et
870 365 1161 450 obsequii
1211 367 1508 450 ignarum
1524 413 1547 448 ,.
1599 364 1792 430 insita
1835 364 2162 432 ferociae

322 476 509 556 patre
541 469 803 553 Pisone,
847 471 957 554 qui
994 469 1167 534 civili
1196 469 1814 555 belloresurgentes
1845 470 2164 536 inAfrica

277 646 285 652 ,
325 580 545 662 partes
566 573 881 640 acerrimo
903 573 1263 640 ministerio
1285 573 1594 640 adversus
1619 575 1960 640 Caesarem
1980 575 2160 658 iuvit,

326 699 485 744 mox
522 679 799 744 Brutum
844 685 911 744 et
945 677 1240 743 Cassium
1285 685 1544 744 secutus
1573 699 1903 744 concesso
1947 676 2162 744 reditu
2183 701 2233 739 15

326 782 643 868 petitione
669 782 992 846 honorum
1017 781 1344 866 abstinuit,
1381 781 1588 849 donec
1614 783 2216 850 ultr0·ambiretur=1÷

330 887 618 953 delatum
676 886 758 952 ab
817 884 1118 970 Augusto
1180 886 1585 952 consulatum
1643 889 1956 974 accipere.
2048 887 2165 965 sed

325 998 586 1078 praeter
613 997 933 1077 ‘paternos
974 991 1238 1077 spiritus
1269 993 1494 1069 uxoris
1525 1015 1782 1080 quoque
1815 995 2164 1061 Plancinae

326 1097 663 1163 nobilitate
696 1101 763 1161 et
794 1097 1027 1182 opibus
1056 1097 1556 1180 accendebatur3
1587 1097 1699 1162 vix
1721 1098 1979 1163 Tiberio
2013 1120 2165 1164 con-

328 1200 581 1285 cedere,
626 1201 869 1266 liberos
911 1207 1005 1265 ut
1027 1202 1301 1266 multum
1349 1200 1516 1266 infra
1562 1200 1962 1287 despectare.
2043 1223 2164 1267 nec
2183 1225 2233 1264 ρο

330 1307 596 1372 dubium
624 1306 927 1372 habebat·
950 1327 1035 1371 se
1078 1306 1426 1388 delectum5
1472 1307 1592 1391 qui·
1613 1305 1836 1392 Syriae
1867 1307 2163 1392 impone-

326 1415 507 1476 retur
565 1409 655 1474 ad·
706 1431 854 1494 spes
904 1409 1291 1477 Germanici·
1326 1411 1740 1476 coercendas.-
1827 1410 2165 1476 credidere

330 1515 592 1600 quidam
626 1515 928 1580 data-et
962 1536 1023 1578 -a
1071 1516 1332 1582 Tiberio
1396 1517 1649 1582 occulta
1705 1516 2038 1600 mandata3
2101 1522 2194 1594 et·-

326 1619 714 1685 Plancinam·
758 1621 931 1685 haud
966 1620 1187 1686 ··dubie
1206 1657 1209 1662 ·
1228 1619 1538 1706 Augusta
1575 1621 1835 1686 :monuit
1881 1620 2164 1686 aemula,-

328 1725 507 1790 tione
550 1723 849 1790 muliebri
879 1724 1310 1810 Agrippinam
1355 1726 1664 1790 insecuta.
1731 1723 1948 1790 divisa
1985 1745 2164 1788 nam·
2183 1742 2234 1781 25

331 1849 457 1914 que
518 1835 615 1893 et·
644 1828 892 1892 discors
924 1828 1097 1892 -aula
1140 1829 1354 1893 tacitis
1397 1828 1465 1892 in
1511 1828 1804 1893 Drusum·
1835 1834 1974 1892 aut.
2001 1825 2164 1893 Ger-
2247 1869 2250 1873 -

331 1933 665 1999 manicum·
716 1931 966 1998 studiis.
1054 1932 1350 1999 Tiberius
1409 1941 1482 1998 ut
1507 1966 1510 1973 ·
1531 1933 1876 2019 proprium
1943 1938 2008 1999 et
2067 1934 2165 1998 sui

330 2039 659 2124 sanguinis
705 2040 990 2105 Drusum
1046 2039 1344 2105 fovebat:
1409 2038 1798 2109 Germanico
1861 2038 2214 2104 alienatio-³

328 2146 543 2231 patrui
588 2140 879 2211 amorem
910 2144 1087 2231 apud·
1114 2148 1678 2211 ceterosauxerat.
1703 2148 1772 2207 et
1791 2144 1950 2228 quia
1980 2142 2164 2207 clari:

330 2246 555 2315 tudine
613 2250 889 2317 materni
944 2250 1205 2334 generis
1265 2249 1586 2331 anteibat,
1647 2268 1840 2313 avum
1867 2248 1981 2312 M.
2025 2244 2164 2311 An·
2187 2271 2238 2311 30

330 2354 602 2434 tonium‚
626 2353 1019 2419 avunculum·
1034 2350 1404 2435 Augustum
1425 2350 1658 2416 ferens.
1706 2356 1934 2415 contra
1947 2350 2162 2415 Druso

331 2476 611 2541 proavus
670 2476 869 2541 eques
912 2456 1248 2520 Romanus
1291 2455 1691 2539 Pomponius
1712 2453 1993 2520 -Atticus
2031 2456 2166 2520 de}

275 2566 281 2573 ’
334 2556 1013 2626 decere-Claudiorum
1044 2560 1360 2643 imagines
1390 2559 1763 2625 videbatur:
1794 2565 1860 2624 'et
1885 2558 2166 2624 coniunx
2179 2583 2214 2617 ·...

332 2664 705 2731 Germanici
746 2664 1111 2750 Agrippina
1153 2664 1326 2729 fama
1362 2662 1622 2728 'Liviam
1641 2684 1940 2728 ...uxorem
1967 2664 2166 2729 Drusi

330 2770 788 2854 praecellebat.
880 2767 1016 2833 sed·
1062 2767 1290 2831 fratres
1357 2766 1618 2851 egregie
1683 2767 2036 2849 concordes
2101 2773 2168 2833 ct
2187 2791 2239 2832 35

332 2872 783 2959 proximorum
830 2873 1288 2939 certaminibus
1307 2872 1714 2937 inconcussi.
1841 2894 1846 2898 ·

458 2976 575 3042 44.
594 2978 747 3042 Nec
774 2978 1161 3063 multosspost
1187 2976 1444 3041 Drusus
1472 2976 1540 3039 in
1568 2974 1902 3061 Illyricum
1937 2976 2164 3052 missus

332 3080 454 3163 est,
499 3086 571 3145 ut
616 3086 949 3146 suesceret
990 3080 1257 3145 militiae
1304 3080 1642 3164 studiaque
1689 3080 2014 3145 exercitus
2052 3101 2208 3164 pa-‘·

333 3190 539 3269 raret3
602 3186 789 3250 simul
850 3185 1153 3250 iuvenem
1206 3184 1452 3249 urbano
1512 3184 1682 3248 luxu·
1726 3184 2167 3251 lascivientem

332 3290 563 3353 melius
620 3290 685 3353 in
741 3290 965 3354 castris
1003 3286 1233 3354 {haberi
1278 3289 1574 3356 Tiberius
1618 3309 1815 3373 seque
1860 3288 2167 3363 tutiorem

334 3393 595 3459 rebatur
625 3394 898 3478 utroque
928 3392 1061 3473 filio
1090 3393 1386 3479 legiones
1413 3394 1764 3459 obtinente.
1829 3393 1944 3457 sed
1969 3392 2167 3459 Suebi
2185 3420 2209 3457 5
