<?xml version="1.0" encoding="UTF-8"?>
<!DOCTYPE html PUBLIC "-//W3C//DTD XHTML 1.0 Transitional//EN"
    "http://www.w3.org/TR/xhtml1/DTD/xhtml1-transitional.dtd">
<html xmlns="http://www.w3.org/1999/xhtml" xml:lang="en" lang="en">
 <head>
  <title>
</title>
<meta http-equiv="Content-Type" content="text/html;charset=utf-8" />
  <meta name='ocr-system' content='tesseract 3.04.00' />
  <meta name='ocr-capabilities' content='ocr_page ocr_carea ocr_par ocr_line ocrx_word'/>
</head>
<body>
  <div class='ocr_page' id='page_1' title='image "./corneliitacitia00gitlgoog_0250.png"; bbox 0 0 2467 3900; ppageno 0'>
   <div class='ocr_carea' id='block_1_1' title="bbox 406 214 1566 272">
    <p class='ocr_par' dir='ltr' id='par_1_1' title="bbox 406 214 1566 272">
     <span class='ocr_line' id='line_1_1' title="bbox 406 214 1566 272; baseline -0.001 -13"><span class='ocrx_word' id='word_1_1' title='bbox 406 214 518 272; x_wconf 80' lang='lat'><strong>238</strong></span> <span class='ocrx_word' id='word_1_2' title='bbox 1067 220 1345 260; x_wconf 78' lang='lat' dir='ltr'>CORNELII</span> <span class='ocrx_word' id='word_1_3' title='bbox 1370 220 1566 259; x_wconf 69' lang='lat' dir='ltr'><strong>norm</strong></span> 
     </span>
    </p>
   </div>
   <div class='ocr_carea' id='block_1_2' title="bbox 334 377 2239 3480">
    <p class='ocr_par' dir='ltr' id='par_1_2' title="bbox 334 377 2239 876">
     <span class='ocr_line' id='line_1_2' title="bbox 334 377 2239 463; baseline 0.003 -27"><span class='ocrx_word' id='word_1_4' title='bbox 334 397 387 436; x_wconf 70' lang='grc' dir='ltr'><strong>ιο</strong></span> <span class='ocrx_word' id='word_1_5' title='bbox 405 399 484 444; x_wconf 89' lang='lat' dir='ltr'><strong>ea</strong></span> <span class='ocrx_word' id='word_1_6' title='bbox 514 383 899 462; x_wconf 78' lang='lat' dir='ltr'><strong>tempestate</strong></span> <span class='ocrx_word' id='word_1_7' title='bbox 930 378 1281 463; x_wconf 83' lang='lat' dir='ltr'><strong>superioris</strong></span> <span class='ocrx_word' id='word_1_8' title='bbox 1308 377 1693 442; x_wconf 81' lang='lat' dir='ltr'><strong>Germaniae</strong></span> <span class='ocrx_word' id='word_1_9' title='bbox 1723 377 2017 461; x_wconf 82' lang='lat' dir='ltr'><strong>legiones</strong></span> <span class='ocrx_word' id='word_1_10' title='bbox 2050 399 2239 442; x_wconf 87' lang='lat' dir='ltr'><strong>cura-</strong></span> 
     </span>
     <span class='ocr_line' id='line_1_3' title="bbox 404 481 2239 568; baseline 0.001 -22"><span class='ocrx_word' id='word_1_11' title='bbox 404 483 516 546; x_wconf 89' lang='lat' dir='ltr'><strong>bat</strong></span> <span class='ocrx_word' id='word_1_12' title='bbox 576 482 939 568; x_wconf 91' lang='lat' dir='ltr'><strong>mirumque</strong></span> <span class='ocrx_word' id='word_1_13' title='bbox 1001 501 1290 545; x_wconf 88' lang='lat' dir='ltr'><strong>amorem</strong></span> <span class='ocrx_word' id='word_1_14' title='bbox 1344 481 1687 545; x_wconf 89' lang='lat' dir='ltr'><strong>adsecutus</strong></span> <span class='ocrx_word' id='word_1_15' title='bbox 1742 488 1913 564; x_wconf 83' lang='lat' dir='ltr'><strong>erat,</strong></span> <span class='ocrx_word' id='word_1_16' title='bbox 1983 481 2239 548; x_wconf 85' lang='lat' dir='ltr'><strong>effusae</strong></span> 
     </span>
     <span class='ocr_line' id='line_1_4' title="bbox 404 584 2235 672; baseline 0.001 -22"><span class='ocrx_word' id='word_1_17' title='bbox 404 586 819 667; x_wconf 88' lang='lat' dir='ltr'><strong>clementiae,</strong></span> <span class='ocrx_word' id='word_1_18' title='bbox 878 585 1168 651; x_wconf 89' lang='lat' dir='ltr'><strong>modicus</strong></span> <span class='ocrx_word' id='word_1_19' title='bbox 1214 584 1560 651; x_wconf 88' lang='lat' dir='ltr'><strong>severitate</strong></span> <span class='ocrx_word' id='word_1_20' title='bbox 1610 590 1675 650; x_wconf 91' lang='lat' dir='ltr'><strong>et</strong></span> <span class='ocrx_word' id='word_1_21' title='bbox 1718 587 2020 670; x_wconf 83' lang='lat' dir='ltr'><strong>proximo</strong></span> <span class='ocrx_word' id='word_1_22' title='bbox 2068 609 2235 672; x_wconf 86' lang='lat' dir='ltr'><strong>quo-</strong></span> 
     </span>
     <span class='ocr_line' id='line_1_5' title="bbox 405 688 2235 774; baseline 0.002 -22"><span class='ocrx_word' id='word_1_23' title='bbox 405 710 531 774; x_wconf 89' lang='lat' dir='ltr'><strong>que</strong></span> <span class='ocrx_word' id='word_1_24' title='bbox 581 690 894 754; x_wconf 82' lang='lat' dir='ltr'><strong>exercitui</strong></span> <span class='ocrx_word' id='word_1_25' title='bbox 938 709 1054 774; x_wconf 90' lang='lat' dir='ltr'><strong>per</strong></span> <span class='ocrx_word' id='word_1_26' title='bbox 1097 689 1174 753; x_wconf 87' lang='lat' dir='ltr'><strong>L.</strong></span> <span class='ocrx_word' id='word_1_27' title='bbox 1204 688 1571 773; x_wconf 88' lang='lat' dir='ltr'><strong>Apronium</strong></span> <span class='ocrx_word' id='word_1_28' title='bbox 1616 710 1913 755; x_wconf 80' lang='lat' dir='ltr'><strong>socerum</strong></span> <span class='ocrx_word' id='word_1_29' title='bbox 1960 711 2093 755; x_wconf 92' lang='lat' dir='ltr'><strong>non</strong></span> <span class='ocrx_word' id='word_1_30' title='bbox 2130 691 2235 756; x_wconf 89' lang='lat' dir='ltr'><strong>in-</strong></span> 
     </span>
     <span class='ocr_line' id='line_1_6' title="bbox 404 792 2236 876; baseline 0.001 -20"><span class='ocrx_word' id='word_1_31' title='bbox 404 801 644 876; x_wconf 85' lang='lat' dir='ltr'><strong>gratus.</strong></span> <span class='ocrx_word' id='word_1_32' title='bbox 733 792 908 858; x_wconf 92' lang='lat' dir='ltr'><strong>unde</strong></span> <span class='ocrx_word' id='word_1_33' title='bbox 967 793 1135 857; x_wconf 87' lang='lat' dir='ltr'><strong>fama</strong></span> <span class='ocrx_word' id='word_1_34' title='bbox 1193 798 1493 857; x_wconf 80' lang='lat' dir='ltr'><strong>constans</strong></span> <span class='ocrx_word' id='word_1_35' title='bbox 1554 815 1781 858; x_wconf 89' lang='lat' dir='ltr'><strong>ausum</strong></span> <span class='ocrx_word' id='word_1_36' title='bbox 1814 794 2098 860; x_wconf 85' lang='lat' dir='ltr'><strong>&#39;mittere</strong></span> <span class='ocrx_word' id='word_1_37' title='bbox 2146 794 2236 860; x_wconf 84' lang='lat' dir='ltr'><strong>ad</strong></span> 
     </span>
    </p>

    <p class='ocr_par' dir='ltr' id='par_1_3' title="bbox 336 895 2237 1400">
     <span class='ocr_line' id='line_1_7' title="bbox 336 895 2236 979; baseline 0 -18"><span class='ocrx_word' id='word_1_38' title='bbox 336 915 388 953; x_wconf 81' lang='lat'><strong>1⁵</strong></span> <span class='ocrx_word' id='word_1_39' title='bbox 407 896 753 962; x_wconf 84' lang='lat' dir='ltr'><strong>Caesarem</strong></span> <span class='ocrx_word' id='word_1_40' title='bbox 794 898 1074 979; x_wconf 90' lang='lat' dir='ltr'><strong>litteras,</strong></span> <span class='ocrx_word' id='word_1_41' title='bbox 1139 895 1534 962; x_wconf 88' lang='lat' dir='ltr'><strong>adfinitatem</strong></span> <span class='ocrx_word' id='word_1_42' title='bbox 1580 918 1727 961; x_wconf 91' lang='lat' dir='ltr'><strong>cum</strong></span> <span class='ocrx_word' id='word_1_43' title='bbox 1770 897 2005 962; x_wconf 83' lang='lat' dir='ltr'><strong>Seiano</strong></span> <span class='ocrx_word' id='word_1_44' title='bbox 2052 898 2236 962; x_wconf 91' lang='lat' dir='ltr'><strong>haud</strong></span> 
     </span>
     <span class='ocr_line' id='line_1_8' title="bbox 405 1001 2237 1086; baseline 0 -22"><span class='ocrx_word' id='word_1_45' title='bbox 405 1008 636 1085; x_wconf 89' lang='lat' dir='ltr'><strong>sponte</strong></span> <span class='ocrx_word' id='word_1_46' title='bbox 685 1006 1016 1086; x_wconf 83' lang='lat' dir='ltr'><strong>coeptam3</strong></span> <span class='ocrx_word' id='word_1_47' title='bbox 1064 1001 1335 1085; x_wconf 85' lang='lat' dir='ltr'><strong>perinde</strong></span> <span class='ocrx_word' id='word_1_48' title='bbox 1382 1022 1449 1066; x_wconf 90' lang='lat' dir='ltr'><strong>se</strong></span> <span class='ocrx_word' id='word_1_49' title='bbox 1493 1022 1685 1085; x_wconf 86' lang='lat' dir='ltr'><strong>quam</strong></span> <span class='ocrx_word' id='word_1_50' title='bbox 1716 1001 2047 1066; x_wconf 81' lang='lat' dir='ltr'><strong>Tiberium</strong></span> <span class='ocrx_word' id='word_1_51' title='bbox 2094 1001 2237 1065; x_wconf 87' lang='lat' dir='ltr'><strong>falli</strong></span> 
     </span>
     <span class='ocr_line' id='line_1_9' title="bbox 403 1103 2232 1190; baseline 0.001 -23"><span class='ocrx_word' id='word_1_52' title='bbox 403 1105 691 1189; x_wconf 85' lang='lat' dir='ltr'><strong>potuisse</strong></span> <span class='ocrx_word' id='word_1_53' title='bbox 735 1126 949 1190; x_wconf 89' lang='lat' dir='ltr'><strong>neque</strong></span> <span class='ocrx_word' id='word_1_54' title='bbox 996 1115 1285 1173; x_wconf 82' lang='lat' dir='ltr'><strong>errorem</strong></span> <span class='ocrx_word' id='word_1_55' title='bbox 1332 1105 1611 1172; x_wconf 90' lang='lat' dir='ltr'><strong>eundem</strong></span> <span class='ocrx_word' id='word_1_56' title='bbox 1657 1105 1751 1170; x_wconf 88' lang='lat' dir='ltr'><strong>illi</strong></span> <span class='ocrx_word' id='word_1_57' title='bbox 1798 1106 1935 1170; x_wconf 87' lang='lat' dir='ltr'><strong>sine</strong></span> <span class='ocrx_word' id='word_1_58' title='bbox 1977 1103 2232 1186; x_wconf 87' lang='lat' dir='ltr'><strong>fraude,</strong></span> 
     </span>
     <span class='ocr_line' id='line_1_10' title="bbox 403 1208 2237 1295; baseline -0.001 -21"><span class='ocrx_word' id='word_1_59' title='bbox 403 1208 547 1274; x_wconf 90' lang='lat' dir='ltr'><strong>aliis</strong></span> <span class='ocrx_word' id='word_1_60' title='bbox 579 1209 779 1272; x_wconf 83' lang='lat' dir='ltr'><strong>exitio</strong></span> <span class='ocrx_word' id='word_1_61' title='bbox 811 1210 1198 1277; x_wconf 90' lang='lat' dir='ltr'><strong>habendum.</strong></span> <span class='ocrx_word' id='word_1_62' title='bbox 1257 1211 1453 1276; x_wconf 90' lang='lat' dir='ltr'><strong>fidem</strong></span> <span class='ocrx_word' id='word_1_63' title='bbox 1484 1211 1803 1295; x_wconf 85' lang='lat' dir='ltr'><strong>integram</strong></span> <span class='ocrx_word' id='word_1_64' title='bbox 1834 1216 1919 1292; x_wconf 88' lang='lat' dir='ltr'><strong>et,</strong></span> <span class='ocrx_word' id='word_1_65' title='bbox 1951 1211 2005 1273; x_wconf 92' lang='lat' dir='ltr'><strong>si</strong></span> <span class='ocrx_word' id='word_1_66' title='bbox 2034 1211 2237 1273; x_wconf 85' lang='lat' dir='ltr'><strong>nullis</strong></span> 
     </span>
     <span class='ocr_line' id='line_1_11' title="bbox 405 1313 2236 1400; baseline 0.001 -24"><span class='ocrx_word' id='word_1_67' title='bbox 405 1313 653 1377; x_wconf 86' lang='lat' dir='ltr'><strong>insidiis</strong></span> <span class='ocrx_word' id='word_1_68' title='bbox 711 1319 1072 1400; x_wconf 86' lang='lat' dir='ltr'><strong>peteretur,</strong></span> <span class='ocrx_word' id='word_1_69' title='bbox 1135 1333 1527 1394; x_wconf 81' lang='lat' dir='ltr'><strong>mansuram3</strong></span> <span class='ocrx_word' id='word_1_70' title='bbox 1557 1367 1561 1371; x_wconf 94' lang='lat'>.</span> <span class='ocrx_word' id='word_1_71' title='bbox 1594 1333 2032 1379; x_wconf 78' lang='lat' dir='ltr'><strong>successorem</strong></span> <span class='ocrx_word' id='word_1_72' title='bbox 2096 1333 2236 1378; x_wconf 90' lang='lat' dir='ltr'><strong>non</strong></span> 
     </span>
    </p>

    <p class='ocr_par' dir='ltr' id='par_1_4' title="bbox 335 1415 2235 1917">
     <span class='ocr_line' id='line_1_12' title="bbox 335 1415 2233 1501; baseline 0.002 -23"><span class='ocrx_word' id='word_1_73' title='bbox 335 1433 388 1471; x_wconf 85' lang='lat'><strong>20</strong></span> <span class='ocrx_word' id='word_1_74' title='bbox 405 1415 594 1479; x_wconf 85' lang='lat' dir='ltr'><strong>aliter</strong></span> <span class='ocrx_word' id='word_1_75' title='bbox 639 1437 830 1499; x_wconf 90' lang='lat' dir='ltr'><strong>quam</strong></span> <span class='ocrx_word' id='word_1_76' title='bbox 875 1416 1180 1482; x_wconf 90' lang='lat' dir='ltr'><strong>indicium</strong></span> <span class='ocrx_word' id='word_1_77' title='bbox 1227 1418 1453 1482; x_wconf 88' lang='lat' dir='ltr'><strong>mortis</strong></span> <span class='ocrx_word' id='word_1_78' title='bbox 1499 1423 1931 1501; x_wconf 84' lang='lat' dir='ltr'><strong>accepturum.</strong></span> <span class='ocrx_word' id='word_1_79' title='bbox 2012 1416 2233 1481; x_wconf 89' lang='lat' dir='ltr'><strong>firma-</strong></span> 
     </span>
     <span class='ocr_line' id='line_1_13' title="bbox 405 1521 2231 1607; baseline 0 -24"><span class='ocrx_word' id='word_1_80' title='bbox 405 1525 551 1584; x_wconf 92' lang='lat' dir='ltr'><strong>rent</strong></span> <span class='ocrx_word' id='word_1_81' title='bbox 595 1522 773 1584; x_wconf 83' lang='lat' dir='ltr'><strong>velut</strong></span> <span class='ocrx_word' id='word_1_82' title='bbox 814 1521 1065 1602; x_wconf 88' lang='lat' dir='ltr'><strong>foedus,</strong></span> <span class='ocrx_word' id='word_1_83' title='bbox 1113 1542 1261 1606; x_wconf 81' lang='lat' dir='ltr'><strong>quo¹</strong></span> <span class='ocrx_word' id='word_1_84' title='bbox 1285 1525 1583 1607; x_wconf 89' lang='lat' dir='ltr'><strong>princeps</strong></span> <span class='ocrx_word' id='word_1_85' title='bbox 1622 1525 1979 1585; x_wconf 87' lang='lat' dir='ltr'><strong>ceterarum</strong></span> <span class='ocrx_word' id='word_1_86' title='bbox 2010 1540 2231 1585; x_wconf 88' lang='lat' dir='ltr'><strong>rerum</strong></span> 
     </span>
     <span class='ocr_line' id='line_1_14' title="bbox 407 1625 2235 1711; baseline 0.001 -25"><span class='ocrx_word' id='word_1_87' title='bbox 407 1629 760 1706; x_wconf 89' lang='lat' dir='ltr'><strong>poteretur,</strong></span> <span class='ocrx_word' id='word_1_88' title='bbox 808 1626 946 1709; x_wconf 89' lang='lat' dir='ltr'><strong>ipse</strong></span> <span class='ocrx_word' id='word_1_89' title='bbox 993 1627 1391 1711; x_wconf 88' lang='lat' dir='ltr'><strong>provinciam</strong></span> <span class='ocrx_word' id='word_1_90' title='bbox 1436 1628 1769 1692; x_wconf 89' lang='lat' dir='ltr'><strong>retineret.</strong></span> <span class='ocrx_word' id='word_1_91' title='bbox 1834 1625 2018 1705; x_wconf 89' lang='lat' dir='ltr'><strong>haec,</strong></span> <span class='ocrx_word' id='word_1_92' title='bbox 2065 1626 2235 1689; x_wconf 89' lang='lat' dir='ltr'><strong>mira</strong></span> 
     </span>
     <span class='ocr_line' id='line_1_15' title="bbox 408 1727 2231 1813; baseline 0.002 -24"><span class='ocrx_word' id='word_1_93' title='bbox 408 1746 824 1812; x_wconf 87' lang='lat' dir='ltr'><strong>quamquam,</strong></span> <span class='ocrx_word' id='word_1_94' title='bbox 883 1729 1079 1794; x_wconf 85' lang='lat' dir='ltr'><strong>fidem</strong></span> <span class='ocrx_word' id='word_1_95' title='bbox 1125 1752 1210 1795; x_wconf 84' lang='lat' dir='ltr'><strong>ex</strong></span> <span class='ocrx_word' id='word_1_96' title='bbox 1268 1752 1344 1796; x_wconf 92' lang='lat' dir='ltr'><strong>eo</strong></span> <span class='ocrx_word' id='word_1_97' title='bbox 1393 1729 1765 1811; x_wconf 79' lang='lat' dir='ltr'><strong>trahebant,</strong></span> <span class='ocrx_word' id='word_1_98' title='bbox 1825 1727 2003 1813; x_wconf 92' lang='lat' dir='ltr'><strong>quod</strong></span> <span class='ocrx_word' id='word_1_99' title='bbox 2057 1749 2231 1792; x_wconf 88' lang='lat' dir='ltr'><strong>unus</strong></span> 
     </span>
     <span class='ocr_line' id='line_1_16' title="bbox 409 1832 2228 1917; baseline 0.002 -24"><span class='ocrx_word' id='word_1_100' title='bbox 409 1832 693 1896; x_wconf 88' lang='lat' dir='ltr'><strong>omnium</strong></span> <span class='ocrx_word' id='word_1_101' title='bbox 725 1833 939 1899; x_wconf 85' lang='lat' dir='ltr'><strong>Seiani</strong></span> <span class='ocrx_word' id='word_1_102' title='bbox 987 1834 1291 1900; x_wconf 82' lang='lat' dir='ltr'><strong>adfinium</strong></span> <span class='ocrx_word' id='word_1_103' title='bbox 1336 1835 1677 1898; x_wconf 90' lang='lat' dir='ltr'><strong>incolumis</strong></span> <span class='ocrx_word' id='word_1_104' title='bbox 1714 1835 2043 1917; x_wconf 89' lang='lat' dir='ltr'><strong>multaque</strong></span> <span class='ocrx_word' id='word_1_105' title='bbox 2076 1853 2228 1916; x_wconf 83' lang='lat' dir='ltr'><strong>gra-</strong></span> 
     </span>
    </p>

    <p class='ocr_par' dir='ltr' id='par_1_5' title="bbox 337 1935 2230 2213">
     <span class='ocr_line' id='line_1_17' title="bbox 337 1935 2227 2024; baseline 0.001 -25"><span class='ocrx_word' id='word_1_106' title='bbox 337 1960 390 1999; x_wconf 81' lang='lat'><strong>25</strong></span> <span class='ocrx_word' id='word_1_107' title='bbox 404 1935 494 2001; x_wconf 90' lang='lat' dir='ltr'><strong>tia</strong></span> <span class='ocrx_word' id='word_1_108' title='bbox 538 1938 805 2019; x_wconf 89' lang='lat' dir='ltr'><strong>mansit,</strong></span> <span class='ocrx_word' id='word_1_109' title='bbox 867 1943 1208 2024; x_wconf 89' lang='lat' dir='ltr'><strong>reputante</strong></span> <span class='ocrx_word' id='word_1_110' title='bbox 1268 1938 1527 2005; x_wconf 85' lang='lat' dir='ltr'><strong>Tiberio</strong></span> <span class='ocrx_word' id='word_1_111' title='bbox 1590 1938 1919 2024; x_wconf 89' lang='lat' dir='ltr'><strong>publicum</strong></span> <span class='ocrx_word' id='word_1_112' title='bbox 1980 1937 2227 2021; x_wconf 89' lang='lat' dir='ltr'><strong>odium,</strong></span> 
     </span>
     <span class='ocr_line' id='line_1_18' title="bbox 406 2044 2230 2128; baseline 0.001 -23"><span class='ocrx_word' id='word_1_113' title='bbox 406 2046 764 2107; x_wconf 83' lang='lat' dir='ltr'><strong>extremam</strong></span> <span class='ocrx_word' id='word_1_114' title='bbox 811 2048 1091 2107; x_wconf 86' lang='lat' dir='ltr'><strong>aetatem</strong></span> <span class='ocrx_word' id='word_1_115' title='bbox 1126 2044 1459 2128; x_wconf 85' lang='lat' dir='ltr'><strong>magisque</strong></span> <span class='ocrx_word' id='word_1_116' title='bbox 1505 2044 1677 2107; x_wconf 84' lang='lat' dir='ltr'><strong>fama</strong></span> <span class='ocrx_word' id='word_1_117' title='bbox 1720 2064 1909 2127; x_wconf 88' lang='lat' dir='ltr'><strong>quam</strong></span> <span class='ocrx_word' id='word_1_118' title='bbox 1952 2044 2020 2107; x_wconf 82' lang='lat' dir='ltr'><strong>vi</strong></span> <span class='ocrx_word' id='word_1_119' title='bbox 2056 2049 2230 2106; x_wconf 84' lang='lat' dir='ltr'><strong>stare</strong></span> 
     </span>
     <span class='ocr_line' id='line_1_19' title="bbox 403 2168 916 2213; baseline 0.012 -3"><span class='ocrx_word' id='word_1_120' title='bbox 403 2168 507 2212; x_wconf 88' lang='lat' dir='ltr'><strong>res</strong></span> <span class='ocrx_word' id='word_1_121' title='bbox 552 2169 716 2213; x_wconf 88' lang='lat' dir='ltr'><strong>suas.</strong></span> <span class='ocrx_word' id='word_1_122' title='bbox 913 2207 916 2209; x_wconf 61' lang='grc'>,</span> 
     </span>
    </p>

    <p class='ocr_par' dir='ltr' id='par_1_6' title="bbox 403 2250 2233 2650">
     <span class='ocr_line' id='line_1_20' title="bbox 577 2250 2229 2319; baseline 0.001 -6"><span class='ocrx_word' id='word_1_123' title='bbox 577 2252 680 2316; x_wconf 87' lang='grc'><strong>31.</strong></span> <span class='ocrx_word' id='word_1_124' title='bbox 747 2251 820 2316; x_wconf 81' lang='lat' dir='ltr'><strong>O.</strong></span> <span class='ocrx_word' id='word_1_125' title='bbox 858 2252 1074 2318; x_wconf 82' lang='lat' dir='ltr'><strong>Cestio</strong></span> <span class='ocrx_word' id='word_1_126' title='bbox 1107 2255 1196 2318; x_wconf 87' lang='grc' dir='ltr'><strong>Μ.</strong></span> <span class='ocrx_word' id='word_1_127' title='bbox 1229 2252 1504 2319; x_wconf 82' lang='lat' dir='ltr'><strong>Servilio</strong></span> <span class='ocrx_word' id='word_1_128' title='bbox 1554 2250 1922 2317; x_wconf 89' lang='lat' dir='ltr'><strong>consulibus</strong></span> <span class='ocrx_word' id='word_1_129' title='bbox 1968 2250 2229 2315; x_wconf 90' lang='lat' dir='ltr'><strong>nobiles</strong></span> 
     </span>
     <span class='ocr_line' id='line_1_21' title="bbox 403 2352 2231 2441; baseline 0 -23"><span class='ocrx_word' id='word_1_130' title='bbox 403 2354 628 2419; x_wconf 88' lang='lat' dir='ltr'><strong>Parthi</strong></span> <span class='ocrx_word' id='word_1_131' title='bbox 684 2356 751 2419; x_wconf 93' lang='lat' dir='ltr'><strong>in</strong></span> <span class='ocrx_word' id='word_1_132' title='bbox 798 2357 1023 2421; x_wconf 88' lang='lat' dir='ltr'><strong>urbem</strong></span> <span class='ocrx_word' id='word_1_133' title='bbox 1085 2378 1327 2422; x_wconf 82' lang='lat' dir='ltr'><strong>venere</strong></span> <span class='ocrx_word' id='word_1_134' title='bbox 1389 2358 1615 2441; x_wconf 86' lang='lat' dir='ltr'><strong>ignaro</strong></span> <span class='ocrx_word' id='word_1_135' title='bbox 1667 2376 1825 2441; x_wconf 87' lang='lat' dir='ltr'><strong>rege</strong></span> <span class='ocrx_word' id='word_1_136' title='bbox 1869 2352 2231 2420; x_wconf 80' lang='lat' dir='ltr'><strong>Artabano.</strong></span> 
     </span>
     <span class='ocr_line' id='line_1_22' title="bbox 404 2458 2233 2544; baseline 0.002 -24"><span class='ocrx_word' id='word_1_137' title='bbox 404 2458 459 2521; x_wconf 88' lang='lat' dir='ltr'><strong>is</strong></span> <span class='ocrx_word' id='word_1_138' title='bbox 504 2466 682 2523; x_wconf 89' lang='lat' dir='ltr'><strong>metu</strong></span> <span class='ocrx_word' id='word_1_139' title='bbox 730 2459 1097 2525; x_wconf 81' lang='lat' dir='ltr'><strong>Germanici</strong></span> <span class='ocrx_word' id='word_1_140' title='bbox 1141 2461 1307 2526; x_wconf 89' lang='lat' dir='ltr'><strong>fidus</strong></span> <span class='ocrx_word' id='word_1_141' title='bbox 1352 2461 1693 2542; x_wconf 88' lang='lat' dir='ltr'><strong>Romanis,</strong></span> <span class='ocrx_word' id='word_1_142' title='bbox 1758 2459 2112 2544; x_wconf 85' lang='lat' dir='ltr'><strong>aequabilis</strong></span> <span class='ocrx_word' id='word_1_143' title='bbox 2160 2460 2233 2523; x_wconf 84' lang='lat' dir='ltr'><strong>in</strong></span> 
     </span>
     <span class='ocr_line' id='line_1_23' title="bbox 405 2555 2228 2650; baseline 0.002 -27"><span class='ocrx_word' id='word_1_144' title='bbox 405 2581 574 2644; x_wconf 89' lang='lat' dir='ltr'><strong>suos,</strong></span> <span class='ocrx_word' id='word_1_145' title='bbox 620 2572 776 2627; x_wconf 84' lang='lat' dir='ltr'><strong>&#39;mox</strong></span> <span class='ocrx_word' id='word_1_146' title='bbox 822 2566 1188 2650; x_wconf 85' lang='lat' dir='ltr'><strong>superbiam</strong></span> <span class='ocrx_word' id='word_1_147' title='bbox 1231 2555 1486 2646; x_wconf 54' lang='lat' dir='ltr'><strong>in”&#39;nos,</strong></span> <span class='ocrx_word' id='word_1_148' title='bbox 1532 2565 1867 2630; x_wconf 81' lang='lat' dir='ltr'><strong>saevitiam</strong></span> <span class='ocrx_word' id='word_1_149' title='bbox 1903 2565 1972 2627; x_wconf 90' lang='lat' dir='ltr'><strong>in</strong></span> <span class='ocrx_word' id='word_1_150' title='bbox 2013 2584 2228 2649; x_wconf 90' lang='lat' dir='ltr'><strong>popu-</strong></span> 
     </span>
    </p>

    <p class='ocr_par' dir='ltr' id='par_1_7' title="bbox 337 2665 2232 3480">
     <span class='ocr_line' id='line_1_24' title="bbox 362 2665 2231 2754; baseline 0.002 -26"><span class='ocrx_word' id='word_1_151' title='bbox 362 2665 569 2729; x_wconf 79' lang='lat' dir='ltr'><strong>⁶lares</strong></span> <span class='ocrx_word' id='word_1_152' title='bbox 629 2670 928 2753; x_wconf 85' lang='lat' dir='ltr'><strong>sumpsit,</strong></span> <span class='ocrx_word' id='word_1_153' title='bbox 992 2670 1194 2734; x_wconf 88' lang='lat' dir='ltr'><strong>fretus</strong></span> <span class='ocrx_word' id='word_1_154' title='bbox 1253 2670 1475 2752; x_wconf 89' lang='lat' dir='ltr'><strong>bellis,</strong></span> <span class='ocrx_word' id='word_1_155' title='bbox 1539 2690 1703 2754; x_wconf 89' lang='lat' dir='ltr'><strong>quae</strong></span> <span class='ocrx_word' id='word_1_156' title='bbox 1764 2668 2047 2733; x_wconf 88' lang='lat' dir='ltr'><strong>secunda</strong></span> <span class='ocrx_word' id='word_1_157' title='bbox 2109 2668 2231 2732; x_wconf 89' lang='lat' dir='ltr'><strong>ad-</strong></span> 
     </span>
     <span class='ocr_line' id='line_1_25' title="bbox 403 2772 2229 2853; baseline 0.001 -18"><span class='ocrx_word' id='word_1_158' title='bbox 403 2789 656 2835; x_wconf 85' lang='lat' dir='ltr'><strong>versum</strong></span> <span class='ocrx_word' id='word_1_159' title='bbox 682 2772 1122 2837; x_wconf 86' lang='lat' dir='ltr'><strong>circumiectas</strong></span> <span class='ocrx_word' id='word_1_160' title='bbox 1147 2774 1443 2838; x_wconf 88' lang='lat' dir='ltr'><strong>nationes</strong></span> <span class='ocrx_word' id='word_1_161' title='bbox 1466 2777 1863 2853; x_wconf 80' lang='lat' dir='ltr'><strong>exercuerat,</strong></span> <span class='ocrx_word' id='word_1_162' title='bbox 1900 2775 1969 2835; x_wconf 89' lang='lat' dir='ltr'><strong>et</strong></span> <span class='ocrx_word' id='word_1_163' title='bbox 1998 2792 2229 2837; x_wconf 90' lang='lat' dir='ltr'><strong>senec-</strong></span> 
     </span>
     <span class='ocr_line' id='line_1_26' title="bbox 401 2874 2228 2961; baseline 0.001 -22"><span class='ocrx_word' id='word_1_164' title='bbox 401 2880 608 2939; x_wconf 91' lang='lat' dir='ltr'><strong>tutem</strong></span> <span class='ocrx_word' id='word_1_165' title='bbox 652 2876 893 2941; x_wconf 81' lang='lat' dir='ltr'><strong>Tiberii</strong></span> <span class='ocrx_word' id='word_1_166' title='bbox 956 2881 1028 2940; x_wconf 93' lang='lat' dir='ltr'><strong>ut</strong></span> <span class='ocrx_word' id='word_1_167' title='bbox 1088 2878 1403 2942; x_wconf 91' lang='lat' dir='ltr'><strong>inermem</strong></span> <span class='ocrx_word' id='word_1_168' title='bbox 1450 2876 1809 2961; x_wconf 90' lang='lat' dir='ltr'><strong>despiciens</strong></span> <span class='ocrx_word' id='word_1_169' title='bbox 1866 2874 2228 2960; x_wconf 84' lang='lat' dir='ltr'><strong>avidusque</strong></span> 
     </span>
     <span class='ocr_line' id='line_1_27' title="bbox 403 2976 2232 3062; baseline 0.002 -21"><span class='ocrx_word' id='word_1_170' title='bbox 403 2976 783 3062; x_wconf 88' lang='lat' dir='ltr'><strong>Armeniae,</strong></span> <span class='ocrx_word' id='word_1_171' title='bbox 847 2981 950 3043; x_wconf 88' lang='lat' dir='ltr'><strong>cui</strong></span> <span class='ocrx_word' id='word_1_172' title='bbox 1020 2978 1321 3045; x_wconf 87' lang='lat' dir='ltr'><strong>defuncto</strong></span> <span class='ocrx_word' id='word_1_173' title='bbox 1386 2999 1545 3062; x_wconf 84' lang='lat' dir='ltr'><strong>rege</strong></span> <span class='ocrx_word' id='word_1_174' title='bbox 1601 2977 1874 3042; x_wconf 82' lang='lat' dir='ltr'><strong>Artaxia</strong></span> <span class='ocrx_word' id='word_1_175' title='bbox 1930 2978 2232 3044; x_wconf 88' lang='lat' dir='ltr'><strong>Arsacen</strong></span> 
     </span>
     <span class='ocr_line' id='line_1_28' title="bbox 404 3081 2232 3168; baseline 0.002 -23"><span class='ocrx_word' id='word_1_176' title='bbox 404 3082 752 3149; x_wconf 87' lang='lat' dir='ltr'><strong>liberorum</strong></span> <span class='ocrx_word' id='word_1_177' title='bbox 816 3103 1078 3148; x_wconf 90' lang='lat' dir='ltr'><strong>suorum</strong></span> <span class='ocrx_word' id='word_1_178' title='bbox 1140 3083 1557 3147; x_wconf 82' lang='lat' dir='ltr'><strong>veterrimum</strong></span> <span class='ocrx_word' id='word_1_179' title='bbox 1616 3082 1933 3168; x_wconf 80' lang='lat' dir='ltr'><strong>inposuit,</strong></span> <span class='ocrx_word' id='word_1_180' title='bbox 2002 3081 2232 3148; x_wconf 88' lang='lat' dir='ltr'><strong>addita</strong></span> 
     </span>
     <span class='ocr_line' id='line_1_29' title="bbox 337 3185 2232 3271; baseline -0.001 -20"><span class='ocrx_word' id='word_1_181' title='bbox 337 3206 388 3244; x_wconf 89' lang='lat'><strong>10</strong></span> <span class='ocrx_word' id='word_1_182' title='bbox 406 3188 796 3252; x_wconf 90' lang='lat' dir='ltr'><strong>contumelia</strong></span> <span class='ocrx_word' id='word_1_183' title='bbox 841 3194 906 3253; x_wconf 90' lang='lat' dir='ltr'><strong>et</strong></span> <span class='ocrx_word' id='word_1_184' title='bbox 951 3187 1158 3251; x_wconf 89' lang='lat' dir='ltr'><strong>missis</strong></span> <span class='ocrx_word' id='word_1_185' title='bbox 1204 3188 1314 3271; x_wconf 89' lang='lat' dir='ltr'><strong>qui</strong></span> <span class='ocrx_word' id='word_1_186' title='bbox 1360 3208 1582 3271; x_wconf 86' lang='lat' dir='ltr'><strong>gazam</strong></span> <span class='ocrx_word' id='word_1_187' title='bbox 1629 3207 1667 3249; x_wconf 87' lang='lat' dir='ltr'><strong>a</strong></span> <span class='ocrx_word' id='word_1_188' title='bbox 1710 3185 1989 3251; x_wconf 87' lang='lat' dir='ltr'><strong>Vonone</strong></span> <span class='ocrx_word' id='word_1_189' title='bbox 2036 3185 2232 3250; x_wconf 89' lang='lat' dir='ltr'><strong>relio-</strong></span> 
     </span>
     <span class='ocr_line' id='line_1_30' title="bbox 405 3292 2231 3374; baseline 0.002 -21"><span class='ocrx_word' id='word_1_190' title='bbox 405 3296 538 3355; x_wconf 89' lang='lat' dir='ltr'><strong>tam</strong></span> <span class='ocrx_word' id='word_1_191' title='bbox 595 3292 662 3355; x_wconf 90' lang='lat' dir='ltr'><strong>in</strong></span> <span class='ocrx_word' id='word_1_192' title='bbox 723 3292 907 3356; x_wconf 83' lang='lat' dir='ltr'><strong>Suria</strong></span> <span class='ocrx_word' id='word_1_193' title='bbox 956 3292 1308 3374; x_wconf 80' lang='lat' dir='ltr'><strong>Ciliciaque</strong></span> <span class='ocrx_word' id='word_1_194' title='bbox 1366 3295 1810 3373; x_wconf 83' lang='lat' dir='ltr'><strong>reposcerent3</strong></span> <span class='ocrx_word' id='word_1_195' title='bbox 1874 3292 2067 3355; x_wconf 91' lang='lat' dir='ltr'><strong>simul</strong></span> <span class='ocrx_word' id='word_1_196' title='bbox 2111 3312 2231 3357; x_wconf 84' lang='lat' dir='ltr'><strong>ve-</strong></span> 
     </span>
     <span class='ocr_line' id='line_1_31' title="bbox 409 3390 2231 3480; baseline 0.003 -23"><span class='ocrx_word' id='word_1_197' title='bbox 409 3400 582 3459; x_wconf 89' lang='lat' dir='ltr'><strong>teres</strong></span> <span class='ocrx_word' id='word_1_198' title='bbox 624 3395 970 3459; x_wconf 86' lang='lat' dir='ltr'><strong>Persarum</strong></span> <span class='ocrx_word' id='word_1_199' title='bbox 1029 3415 1102 3459; x_wconf 89' lang='lat' dir='ltr'><strong>ac</strong></span> <span class='ocrx_word' id='word_1_200' title='bbox 1160 3390 1591 3458; x_wconf 87' lang='lat' dir='ltr'><strong>Macedonum</strong></span> <span class='ocrx_word' id='word_1_201' title='bbox 1652 3394 1963 3458; x_wconf 87' lang='lat' dir='ltr'><strong>terminos</strong></span> <span class='ocrx_word' id='word_1_202' title='bbox 2024 3416 2231 3480; x_wconf 86' lang='lat' dir='ltr'><strong>seque</strong></span> 
     </span>
    </p>
   </div>
   <div class='ocr_carea' id='block_1_3' title="bbox 2425 1701 2427 2203">
    <p class='ocr_par' dir='ltr' id='par_1_8' title="bbox 2425 1701 2427 2203">
     <span class='ocr_line' id='line_1_32' title="bbox 2425 1701 2427 2203; baseline 0 0"><span class='ocrx_word' id='word_1_203' title='bbox 2425 1701 2427 2203; x_wconf 95' lang='lat' dir='ltr'><strong> </strong></span> 
     </span>
    </p>
   </div>
  </div>
 </body>
</html>
