2467 3900
630 269 706 308 AB
738 267 993 308 EXCESSU
1021 267 1151 306 DIVI
1178 266 1435 307 AUGUSTI
1458 267 1529 306 111
1555 265 1724 305 28—30.
1977 260 2088 316 129

269 447 447 490 mum
508 426 612 490 die
673 426 886 489 forum
942 425 1268 511 ingressus
1329 434 1428 491 est
1473 425 1872 510 congiarium
1918 425 2094 511 plebi

266 529 615 593 admodum
674 531 922 612 laetae,
987 529 1162 614 quod
1211 530 1579 595 Germanici
1637 530 1905 615 stirpem
1965 528 2092 592 iam

267 634 581 718 puberem
609 633 977 718 aspiciebat.
1043 639 1303 697 auctum
1336 632 1568 699 dehinc
1595 633 1902 716 gaudium
1927 655 2090 719 nup·
2114 645 2164 686 15

268 739 373 802 tiis
428 737 708 803 Neronis
770 745 835 802 et
891 738 1100 803 Iuliae
1144 737 1344 802 Drusi
1399 739 1590 802 filiae.
1680 743 1878 822 utque
1932 738 2094 801 haec

270 842 553 906 secundo
599 862 896 922 rumore,
959 841 1051 905 ita
1111 841 1403 907 adversis
1466 841 1694 905 animis
1757 847 2091 926 acceptum

271 945 445 1031 quod
506 946 637 1010 filio
708 945 960 1010 Claudii
1036 968 1221 1011 socer
1285 946 1552 1011 Seianus
1630 947 2093 1012 destinaretur:

209 1100 213 1102 .
269 1049 576 1137 polluisse
635 1050 1040 1115 nobilitatem
1096 1051 1377 1115 familiae
1424 1056 1922 1137 suspectumque
1967 1052 2094 1116 iam

268 1152 505 1219 nimiae
552 1153 693 1238 spei
738 1153 1045 1217 Seianum
1090 1154 1260 1219 ultra
1304 1155 1636 1219 extulisse.
2115 1173 2166 1212 20

402 1259 505 1322 30.
570 1257 734 1322 Fine
799 1257 950 1322 anni
1014 1278 1392 1322 concessere
1450 1257 1584 1321 vita
1636 1257 1922 1341 insignes
1977 1258 2098 1323 viri

270 1363 345 1426 L.
382 1361 693 1426 Volusius
741 1365 807 1426 et
852 1361 1191 1425 Sallustius
1227 1361 1513 1447 Crispus.
1590 1362 1863 1427 Volusio
1912 1369 2100 1428 vetus

271 1465 511 1529 familia
541 1486 753 1550 neque
784 1472 1001 1529 tamen
1032 1469 1401 1550 praeturam
1431 1486 1724 1550 egressa:
1771 1466 1912 1552 ipse
1946 1489 2096 1533 con-

274 1572 549 1637 sulatum
588 1569 823 1652 intulit,
873 1570 1163 1634 censoria
1207 1571 1402 1634 etiam
1439 1576 1763 1654 potestate
1800 1570 2098 1655 legendis

275 1675 562 1760 equitum
609 1674 883 1739 decuriis
941 1675 1199 1739 functus
1258 1695 1614 1760 opumque,
1681 1675 1820 1760 quis
1868 1674 2096 1740 domus
2117 1700 2142 1736 5

271 1779 384 1844 illa
427 1779 787 1843 inmensum
823 1779 1062 1862 viguit,
1102 1779 1350 1864 primus
1396 1776 1860 1842 adcumulator.
1925 1778 2094 1843 Oris-

274 1904 429 1969 pum
490 1881 769 1966 equestri
830 1889 1040 1946 ortum
1102 1881 1247 1945 loco
1317 1880 1389 1946 O.
1440 1881 1813 1964 Sallustius,
1880 1902 2094 1947 rerum

272 1986 714 2052 Romanarum
738 1984 1228 2050 florentissimus
1258 1992 1502 2067 auctor,
1531 1985 1770 2049 sororis
1787 1991 2097 2072 nepotem
2129 2060 2136 2067 ,

273 2091 341 2155 in
368 2111 602 2154 nomen
637 2090 925 2154 adscivit.
985 2095 1178 2175 atque
1212 2090 1346 2172 ille,
1383 2110 1768 2174 quamquam
1793 2098 2094 2176 prompto

275 2194 357 2258 ad
392 2193 823 2279 capessendos
853 2194 1134 2258 honores
1164 2192 1363 2275 aditu,
1399 2192 1842 2257 Maecenatem
1875 2214 2095 2257 aemu-
2118 2216 2166 2254 ιο

275 2297 443 2360 latus
478 2295 615 2358 sine
645 2293 957 2377 dignitate
991 2296 1317 2359 senatoria
1339 2294 1582 2358 multos
1612 2295 2096 2380 triumphalium

278 2398 836 2483 consulariumque
855 2398 1147 2482 potentia
1166 2398 1410 2478 anteiit,
1436 2397 1723 2462 diversus
1743 2420 1781 2461 a
1804 2404 2096 2464 veterum

274 2501 566 2566 instituto
614 2520 733 2585 per
779 2502 1021 2565 cultum
1068 2507 1134 2565 et
1172 2499 1520 2565 munditias
1559 2501 1872 2587 copiaque
1902 2510 1970 2567 et
2005 2503 2096 2567 af-

274 2606 539 2670 fluentia
574 2606 733 2669 luxu
769 2603 1054 2689 propior.
1127 2603 1389 2667 suberat
1423 2608 1641 2668 tamen
1678 2605 1866 2690 vigor
1901 2608 2098 2671 animi

273 2709 643 2794 ingentibus
689 2708 967 2792 negotiis
1013 2728 1156 2791 par,
1206 2727 1285 2770 eo
1333 2706 1574 2789 acrior,
1626 2729 1750 2792 quo
1801 2730 2096 2775 somnum
2116 2736 2167 2774 15

277 2823 342 2881 et
370 2814 669 2880 inertiam
699 2812 906 2895 magis
933 2810 1315 2875 ostentabat.
1376 2809 1570 2895 igitur
1592 2810 1900 2877 incolumi
1918 2814 2097 2879 Mae-

278 2925 501 2984 cenate
564 2917 935 3003 proximus,
1011 2936 1168 2980 mox
1231 2913 1618 3000 praecipuus
1687 2916 1788 2981 cui
1852 2925 2099 2984 secreta

273 3024 737 3109 imperatorum
781 3019 1210 3084 inniterentur
1248 3023 1315 3083 et
1344 3018 1772 3084 interficiendi
1803 3021 2099 3086 Postumi

274 3126 606 3213 Agrippae
654 3124 968 3206 consciuS,
1024 3128 1237 3187 aetate
1281 3130 1595 3207 provecta
1638 3125 1922 3210 speciem
1965 3148 2128 3203 mar

274 3232 372 3315 gis
415 3232 482 3295 in
526 3228 808 3293 amicitia
844 3226 1148 3311 principis
1196 3247 1388 3310 quam
1428 3226 1560 3290 vim
1599 3227 1826 3291 tenuit.
1900 3228 2094 3314 idque
2117 3252 2166 3288 20

276 3344 341 3403 et
367 3335 729 3403 Maecenati
758 3333 1102 3417 acciderat,
1147 3333 1280 3397 fato
1313 3334 1645 3417 potentiae
1680 3354 1839 3419 raro·
1860 3335 2096 3420 sempi-

274 3448 496 3506 ternae
516 3490 533 3524 ‚
602 3462 685 3505 an
746 3437 939 3503 satias
1001 3438 1171 3542 capit
1232 3443 1346 3501 aut
1405 3437 1552 3501 illos
1573 3488 1588 3518 ,
1666 3459 1811 3505 cum
1885 3440 2100 3511 omnia
