2467 3900
685 247 760 286 AB
788 247 1041 288 EXOESSU
1065 249 1196 287 DIVI
1219 248 1478 288 AUGUSTI
1504 249 1543 287 V
1570 249 1688 288 3-7.
1988 244 2101 300 215

277 404 696 489 imperatoria
738 406 1039 471 maiestas
1085 408 1267 472 elusa
1310 407 1567 493 publice
1610 407 1807 490 foret,
1853 408 2106 492 integra

280 516 496 574 tamen
545 510 665 575 sibi
710 517 940 576 cuncta
983 513 1351 597 postulavit.
1424 517 1547 576 11ec
1578 513 1745 576 ultra
1788 511 2103 579 delibera·
2122 535 2147 572 5

281 620 419 678 tum
464 636 590 700 quo
636 617 844 681 minus
891 637 1022 680 non
1054 616 1317 702 quidem
1350 623 1645 681 extrema
1681 615 2105 708 decernerent

283 719 380 801 (id
443 719 613 784 enim
668 720 1006 803 vetitum),
1069 720 1186 785 sed
1246 726 1505 805 paratos
1551 720 1635 784 ad
1680 722 1995 787 ultionem
2038 723 2105 790 vi

280 825 586 909 principis
631 824 932 910 impediri
976 829 1387 888 testarentur.

709 1155 1269 1277 CORNELII·
1306 1089 1692 1240 TAOITI

497 1335 628 1408 AB
683 1335 1126 1410 EXCESSU
1180 1337 1396 1410 DIVI
1450 1336 1899 1412 AUGUSTI

547 1467 550 1472 ’
992 1477 1239 1555 LIBER
1278 1497 1388 1555 v1.

407 1755 488 1839 V,
538 1760 594 1821 6.
675 1807 689 1820 .
725 1804 740 1819 .
776 1806 790 1820 .
840 1756 1158 1832 Quattuor
1203 1763 1270 1822 et
1316 1759 1740 1843 quadraginta
1778 1762 2102 1828 orationes

279 1880 475 1944 super
522 1881 600 1924 ea
641 1881 712 1925 re
759 1860 1046 1944 habitae,
1095 1883 1182 1926 ex
1229 1862 1372 1946 quis
1421 1862 1501 1926 ob
1548 1869 1793 1931 metum
1838 1886 2101 1950 paucae,

276 1964 496 2048 plures
539 1963 964 2031 adsuetudine
997 2013 1226 2032 ......
1261 1967 1439 2049 ,mihi
1483 1968 1802 2051 pudorem
1846 1978 1958 2034 aut
1986 1970 2103 2035 Se-

277 2069 427 2134 iano
489 2069 798 2135 invidiam
841 2070 1208 2135 adlaturum
1258 2070 1495 2136 censui.
1586 2092 1774 2137 versa
1833 2078 1931 2137 est
1974 2073 2104 2138 for-

275 2178 434 2237 tuna
490 2180 556 2237 et
599 2172 708 2237 ille
767 2173 1062 2257 quidem,
1123 2174 1230 2257 qui
1294 2175 1612 2261 collegam
1672 2181 1737 2240 et
1791 2196 2147 2260 generum5

279 2276 660 2358 adsciverat,
707 2276 826 2341 sibi
871 2277 1181 2361 ignoscit:
1238 2278 1457 2361 ceteri,
1502 2300 1695 2364 quem
1740 2300 1857 2364 per
1906 2279 2105 2346 dede-

282 2400 433 2444 cora
473 2380 732 2463 fovere,
795 2403 942 2446 cum
1001 2382 1248 2447 scelere
1306 2382 1722 2449 insectantur.
1811 2384 2105 2453 miserius

281 2484 365 2547 sit
424 2484 506 2549 ob
571 2485 915 2549 amicitiam
979 2487 1265 2551 accusari
1323 2508 1407 2551 an
1464 2488 1739 2553 amicum
1800 2509 2102 2553 accusare

280 2588 452 2652 haud
491 2586 926 2655 discreverim.
985 2611 1118 2656 non
1147 2590 1613 2674 crudelitatem,
1660 2613 1792 2658 non
1822 2595 2103 2659 clemen-

277 2693 434 2757 tiam
481 2693 853 2777 cuiusquam
901 2696 1240 2780 experiar,
1298 2696 1415 2761 sed
1460 2696 1623 2761 liber
1670 2704 1734 2761 et
1778 2697 1936 2762 mihi
1980 2699 2173 2783 ipsim

275 2798 585 2883 probatus
629 2799 847 2863 antibo
895 2800 1276 2884 periculum.
1350 2820 1469 2864 vos
1502 2801 1791 2865 obtestor
1834 2822 1917 2867 ne
1964 2824 2102 2867 me-

278 2902 550 2967 moriam
591 2904 796 2972 nostri
825 2924 944 2989 per
972 2926 1337 2969 maerorem
1366 2926 1558 2989 quam
1587 2906 1744 2969 laeti
1773 2906 2103 2971 retineatis

278 3006 617 3071 adiciendo
663 3029 768 3072 me
815 3029 1073 3093 quoque
1118 3009 1196 3073 iis
1243 3010 1352 3095 qui
1386 3009 1514 3075 fine
1547 3010 1813 3095 egregio
1846 3010 2105 3095 publica

280 3111 448 3174 mala
493 3110 902 3196 effugerunt.‘
1612 3196 1616 3200 ,
2046 3107 2055 3119 “

407 3214 491 3297 V,
541 3218 598 3279 7.
646 3214 826 3280 Tunc
859 3216 1167 3301 singu108,
1209 3223 1285 3282 -ut
1324 3208 1554 3303 cuique
1602 3218 1941 3301 adsistere,
1987 3218 2101 3283 ad-

279 3318 458 3402 loqui
502 3320 768 3401 animus‚
813 3322 1101 3385 retinens
1147 3328 1259 3385 aut
1304 3321 1632 3387 dimittens
1673 3330 1926 3408 partem
1974 3323 2103 3389 diei

281 3421 634 3507 absumpsit
689 3423 1024 3509 multoque
1086 3423 1296 3489 adhuc
1358 3431 1549 3491 coetu
1600 3432 1666 3489 et
1712 3427 1959 3493 cunctis
2004 3427 2098 3491 in-
