2467 3900
639 223 715 262 AB
742 222 995 263 EXGESSU
1021 223 1151 262 D1VI
1178 221 1436 263 AUGUSTI
1461 223 1524 262 IV
1551 224 1720 265 31-33.
1980 220 2087 278 181

264 383 545 449 Romani
589 403 696 447 res
740 404 1161 468 conposuere.
1252 384 1542 468 ingentia
1583 385 1679 448 illi
1722 383 1926 467 bella,
1982 405 2132 448 ex-cs

265 487 694 574 pugnationes
738 487 1027 570 urbium,
1085 487 1264 552 fusos
1309 493 1662 573 captosque
1706 507 1931 571 regeS‚
1984 492 2097 552 aut

268 591 582 676 siquando
662 589 746 655 ad
819 590 1071 654 interna
1143 596 1660 675 praeverterent,
1741 590 2096 656 discordias

267 696 601 762 consulum
671 694 1013 760 adversum
1074 693 1398 777 tribunos,
1467 695 1750 778 agrarias
1812 695 2093 760 frumen-

265 801 589 884 tariasque
646 799 861 882 leges,
920 797 1129 883 plebis
1182 804 1250 862 et
1296 798 1700 881 optimatium
1745 795 2096 864 certamina

264 905 469 970 libero
518 923 785 987 egressu
826 902 1303 968 memorabant:
1357 904 1544 968 nobis
1587 904 1656 969 in
1701 911 1840 968 arto
1887 909 1954 970 et
1997 905 2164 969 in-10

267 1009 512 1092 glorius
568 1006 784 1088 labor3
842 1006 1111 1070 immota
1155 1007 1395 1091 quippe
1441 1012 1552 1070 aut
1594 1007 1850 1072 modice
1893 1008 2096 1073 laces-

266 1113 389 1176 sita
432 1133 585 1196 pax,
629 1114 915 1174 maestae
960 1110 1139 1174 urbis
1182 1131 1308 1175 res.
1385 1133 1519 1176 non
1562 1113 1948 1178 tamen‘sine
1977 1134 2098 1177 usu

268 1215 462 1280 fuerit
518 1213 943 1299 introspicere
1001 1213 1115 1277 illa
1167 1213 1377 1298 primo
1439 1221 1706 1300 aspectu
1753 1217 1954 1299 levia,
2013 1238 2099 1281 ex

269 1321 413 1405 quis
455 1339 835 1402 magnarum
881 1337 1076 1403 saepe
1116 1337 1336 1381 rerum
1381 1324 1595 1382 motus
1643 1319 1954 1386 oriuntur.

402 1425 505 1487 33.
568 1421 737 1486 Nam
796 1426 1057 1486 cunctas
1114 1421 1410 1486 nationes
1471 1427 1534 1486 et
1580 1424 1774 1488 urbes
1820 1427 2099 1510 populus

272 1534 383 1593 aut
438 1527 755 1613 primores
814 1530 925 1589 aut
983 1525 1217 1610 singuli
1265 1534 1532 1610 regunt:
1596 1528 1848 1595 delecta
1894 1549 1978 1594 ex
2022 1529 2100 1593 iis

272 1639 339 1698 et
398 1632 764 1697 consociata
818 1629 913 1695 rei
965 1629 1262 1713 publicae
1309 1630 1516 1694 forma
1559 1631 1810 1696 laudari
1852 1632 2102 1697 facilius

273 1758 465 1822 quam
510 1737 771 1802 evenire
817 1736 955 1818 vel,
1010 1733 1065 1798 si
1110 1735 1348 1816 evenit,
1391 1735 1566 1799 haud
1611 1735 1911 1800 diuturna
1957 1757 2099 1802 esse

272 1850 508 1928 potest.
582 1843 779 1926 igitur
803 1841 894 1905 'ut
941 1840 1097 1904 olim
1140 1837 1334 1922 plebe
1379 1838 1595 1902 valida
1637 1838 1762 1920 vel,
1811 1859 1956 1904 cum
1983 1860 2097 1924 pa·
2117 1863 2142 1901 5

270 1957 403 2013 tres
460 1948 811 2034 pollerent,
870 1943 1200 2011 noscenda
1257 1943 1436 2027 vulgi
1489 1947 1718 2009 natura
1762 1947 1830 2008 et
1873 1943 2104 2029 quibus

272 2052 485 2117 modis
543 2056 985 2137 temperanter
1039 2047 1393 2113 haberetur
1443 2052 1830 2131 senatusque
1879 2054 1946 2112 et
1992 2069 2104 2133 op-

274 2156 590 2219 timatium
637 2154 918 2239 ingenia,
966 2153 1074 2237 qui
1113 2151 1398 2216 maxime
1428 2150 1926 2236 perdidicerant,
1975 2153 2105 2217 cal-

273 2259 392 2323 lidi
435 2266 800 2344 temporum
851 2264 917 2323 et
962 2257 1286 2342 sapientes
1331 2255 1779 2338 credebantur,
1827 2255 1918 2319 sic
1950 2277 2102 2321 con-

275 2383 464 2427 verso
512 2370 679 2429 statu
722 2384 933 2449 neque
982 2362 1109 2426 alia
1151 2381 1222 2425 re
1265 2358 1560 2423 Romana
1604 2378 1798 2442 quam
1841 2359 1896 2423 si
1941 2380 2104 2425 unus
2124 2381 2173 2421 10

276 2470 636 2555 imperitet,
693 2468 855 2533 haec
913 2464 1202 2550 conquiri
1260 2462 1553 2543 tradique
1599 2462 1665 2525 in
1709 2483 1847 2527 rem
1892 2463 2104 2545 fuerit,

278 2575 428 2659 quia
500 2573 689 2659 pauci
758 2570 1103 2657 prudentia
1167 2569 1446 2632 honesta
1511 2565 1590 2628 ab
1660 2564 2106 2653 deterioribus,

276 2678 459 2743 utilia
503 2678 584 2742 ab
623 2677 837 2741 noxiis
868 2676 1258 2754 discernunt,
1303 2671 1523 2754 plures
1553 2668 1825 2734 aliorum
1857 2674 2106 2737 eventis

281 2786 613 2849 docentur.
704 2786 991 2848 ceterum
1052 2784 1125 2841 ut
1185 2773 1522 2862 profutura
1541 2822 1558 2855 ‚
1621 2775 1712 2837 ita
1769 2777 2106 2842 minimum

283 2887 727 2954 oblectationis
774 2885 1091 2950 adferunt.
1157 2900 1308 2944 nam
1357 2875 1515 2940 situs
1546 2876 1854 2961 gentium,
1902 2881 2107 2946 varie-
2126 2912 2176 2950 15

278 2999 444 3057 tates
489 2990 911 3077 proeliorum,
970 2986 1124 3051 clari
1170 2984 1408 3048 ducum
1451 2980 1665 3043 exitus
1708 2985 1990 3049 retinent
2035 3007 2110 3049 ac

281 3097 724 3181 redintegrant
766 3092 1123 3179 legentium
1168 3087 1488 3153 animum:
1535 3102 1653 3147 nos
1699 3106 1892 3151 saeva
1920 3088 2110 3169 iussa,

285 3200 615 3265 continuas
662 3199 1101 3263 accusationes
1117 3243 1135 3277 ‚
1194 3191 1460 3256 fallaces
1507 3186 1817 3253 amicitias
1834 3240 1850 3273 ,
1894 3194 2111 3277 perni-

285 3304 448 3368 ciem
504 3303 942 3367 innocentium
1004 3306 1069 3363 et
1129 3295 1394 3362 easdem
1455 3289 1635 3355 exitu
1689 3312 1912 3357 causas
1939 3300 2110 3361 'con-

282 3407 605 3491 iungimus
622 3456 639 3489 ‚
699 3406 888 3471 obvia
944 3425 1161 3469 rerum
1218 3402 1635 3467 similitudine
1681 3404 1748 3462 et
1795 3401 2109 3467 satietate.
2129 3428 2180 3467 20

387 3518 626 3559 Cornelius
651 3519 853 3557 Tacitus.
906 3519 940 3557 L
1736 3510 1797 3557 11
