2467 3900
654 228 730 267 AB
756 227 1009 267 EXGESSU
1035 227 1164 268 DIVI
1189 227 1445 268 AUGUSTI
1470 227 1535 266 VI
1560 227 1729 268 30-32.
1982 222 2097 282 239

275 387 644 450 invasurum
686 404 983 468 possessa
1029 383 1200 468 Cyro
1252 389 1318 448 et
1360 390 1509 468 post
1552 383 1932 450 Alexandro
1979 407 2097 470 per

275 490 820 575 vaniloquentiam
880 512 954 555 ac
1011 491 1216 555 minas
1280 490 1575 555 iaciebat.
1666 489 1784 554 sed
1840 489 2097 555 Parthis

275 595 573 660 mittendi
617 600 900 660 secretos
944 595 1203 659 nuntios
1250 589 1703 659 validissimus
1726 600 1951 659 auctor
1976 595 2098 661 fuit
2115 616 2167 655 15

277 699 612 782 Sinnaces,
657 698 892 782 insigni
934 697 1174 762 familia
1219 719 1296 762 ac
1344 698 1607 781 opibus,
1654 704 1719 764 et
1763 699 2096 784 proximus

275 803 425 868 111110
468 801 719 867 Abdus.
795 803 844 866 ii
887 801 1148 866 adscitis
1196 807 1261 866 et
1306 802 1447 866 aliis
1492 801 1899 894 primoribus,
1946 805 2099 889 quia

274 909 602 972 neminem
659 907 876 989 gentis
919 904 1379 971 Arsacidarum
1436 927 1725 970 summae
1772 907 1867 972 rei
1914 909 2098 992 inpo-

205 1032 209 1038 ·
247 1034 432 1078 -nere
477 1017 812 1098 poterant,
866 1010 1220 1076 interfectis
1270 1011 1350 1074 ab
1393 1009 1734 1074 Artabano·
1772 1011 2095 1096 plerisque

273 1123 386 1181 aut
414 1115 701 1181 nondum
731 1114 986 1197 adultis,
1020 1114 1347 1178 Phraaten
1373 1115 1546 1197 regis
1565 1114 1861 1179 Phraatis
1892 1117 2096 1180 filium
2116 1132 2167 1171 20

273 1218 491 1283 Roma
533 1219 918 1304 poscebant:
975 1218 1233 1283 nomine
1278 1224 1526 1283 tantum
1568 1240 1737 1305 opus
1786 1219 2098 1304 Caesaris,

252 1331 350 1388 -ut
376 1344 580 1409 genus
597 1322 860 1388 Arsacis
889 1325 1097 1408 ripam
1123 1324 1299 1407 apud
1326 1323 1675 1409 Euphratis
1705 1330 2096 1414 cerneretur.

300 1429 304 1436 ’
351 1465 356 1468 -
410 1430 513 1493 32.
563 1427 867 1512 Cupitum
900 1426 968 1491 id
985 1426 1282 1492 Tiberio:
1320 1432 1505 1490 ornat
1527 1426 1854 1494 Phraaten
1882 1429 2097 1494 accin-

286 1535 507 1618 gitque
549 1537 890 1618 paternum
935 1531 1018 1596 ad
1048 1529 1396 1613 fastigium,
1445 1529 1765 1594 destinata
1792 1531 2095 1614 retinenS,

280 1637 564 1702 consiliis
609 1641 674 1700 et
717 1639 860 1700 astu
903 1655 1007 1699 res
1054 1641 1355 1699 externas
1386 1634 1619 1716 moliri,
1664 1655 1843 1700 arma
1872 1636 2099 1719 procul

277 1741 538 1805 habere.
627 1740 876 1804 interea
933 1738 1208 1821 cognitis
1265 1739 1513 1804 insidiis
1557 1740 1924 1806 Artabanus
1968 1747 2096 1806 tar-

280 1844 420 1910 dari
460 1851 660 1928 metu,
708 1843 905 1909 modo
953 1842 1256 1928 cupidine
1302 1842 1623 1911 vindictae
1670 1843 2135 1911 inardesce1·e.5

278 1955 344 2015 et
388 1950 674 2015 barbaris
722 1951 1044 2016 cunctatio
1089 1947 1374 2031 servilis,
1421 1947 1634 2011 statim
1683 1950 1951 2033 exsequi
1992 1971 2095 2015 re-

275 2054 450 2137 gium
495 2053 783 2118 videtur:
846 2054 1050 2119 valuit
1105 2061 1325 2118 tamen
1380 2053 1621 2118 utilitas
1638 2102 1655 2135 ,
1717 2059 1789 2117 ut
1830 2053 2096 2119 Abdum

275 2158 491 2242 specie
536 2156 857 2221 amicitiae
902 2162 1204 2221 vocatum
1252 2157 1334 2221 ad
1374 2157 1599 2241 epulas
1626 2157 1803 2223 lento
1840 2179 2094 2223 veneno

273 2261 594 2344 inligaret,
639 2260 958 2325 Sinnacen
1007 2261 1516 2329 dissimulatione
1552 2286 1625 2328 ac
1656 2263 1861 2348 donis,
1908 2266 2096 2329 simul

274 2386 393 2450 per
433 2364 702 2449 negotia
744 2370 1127 2429 moraretur.
1196 2372 1263 2430 et
1293 2367 1603 2433 Phraates
1640 2368 1814 2453 apud
1844 2369 2096 2434 Suriam
2116 2385 2165 2424 10

277 2470 432 2534 dum
479 2470 715 2535 omisso
756 2470 931 2534 cultu
963 2469 1285 2554 RomanO,
1334 2472 1435 2535 cui
1470 2493 1588 2557 per
1622 2478 1721 2537 tot
1764 2492 1965 2537 annos
1996 2475 2092 2537 in-

274 2579 592 2656 sueverat,
637 2574 930 2639 instituta
959 2574 1349 2640 Parthorum
1378 2576 1609 2655 sumit,
1636 2577 1858 2660 patriis
1896 2578 2091 2641 mori-

270 2680 392 2743 bus
447 2678 656 2763 impar
715 2677 942 2742 morbo
1001 2678 1376 2763 absumptus
1435 2686 1553 2745 est.
1643 2679 1759 2744 sed
1802 2701 1943 2746 -11011
1985 2682 2092 2747 Τ1-

269 2782 486 2847 berius
533 2782 746 2845 omisit
789 2782 1077 2866 incepta:
1143 2782 1500 2848 Tiridatem
1548 2784 1873 2868 sanguinis
1920 2785 2089 2849 eius-

272 2887 422 2951 dem
502 2887 820 2951 aemulum
891 2886 1224 2953 Artabano
1302 2887 1890 2973 reciperandaeque
1963 2887 2089 2952 Ar·
2111 2905 2159 2942 15
2278 2904 2282 2908 ’

244 2990 520 3057 -meniae
566 2991 886 3055 Hiberum
921 2992 1341 3057 Mithridaten
1388 2992 1615 3075 deligit
1660 2993 2089 3076 conciliatque

269 3094 449 3158 fratri
464 3093 908 3177 Pharasmani,
943 3096 1052 3179 qui
1078 3096 1323 3178 gentile
1353 3098 1695 3181 imperium
1724 3097 2085 3178 obtinebat,

272 3204 337 3264 et
372 3200 616 3264 cunctis
662 3219 824 3282 quae
871 3199 1044 3283 apud
1093 3196 1410 3265 orientem
1444 3202 1832 3286 parabantur
1863 3200 1940 3264 L.
1970 3200 2087 3264 Vi-

269 3302 518 3367 tellium
546 3302 874 3387 praefecit.
940 3324 1018 3367 eo
1049 3302 1130 3368 de
1160 3304 1421 3370 homine
1455 3303 1629 3370 haud
1656 3324 1797 3367 sum
1827 3304 2087 3389 ignarus

272 3406 594 3470 sinistram
639 3406 705 3470 in
751 3406 907 3472 urbe
954 3406 1189 3471 famam
1246 3408 1552 3492 pleraque
1599 3407 1793 3473 foeda
1837 3428 2083 3473 memo·
2106 3435 2155 3474 20
