2467 3900
687 247 761 286 AB
789 247 1041 286 EXCESSU
1067 247 1197 286 DIVI
1224 245 1482 286 AUGUSTI
1509 247 1580 286 111
1608 247 1751 287 6-11.
2009 239 2119 295 117

296 406 517 470 batur:
568 426 771 490 eaque
816 427 920 470 res
958 404 1201 489 agitata
1230 405 1613 488 rumoribuS,
1660 413 1732 469 ut
1768 405 1836 468 in
1867 405 2123 489 agmine
2142 424 2166 460 ⁵
2238 419 2244 426 '

300 517 494 596 atque
538 511 765 575 itinere
799 511 1023 574 crebro
1066 531 1136 573 se
1166 510 1474 574 militibus
1509 510 1982 574 ostentavisset.
2042 511 2123 574 ab

299 615 561 698 Narnia,
605 613 906 679 vitandae
945 613 1325 698 suspicionis
1363 635 1445 676 an
1485 613 1636 697 quia
1675 613 1926 698 pavidis
1970 634 2122 678 con-

302 719 443 782 silia
498 718 567 782 in
608 718 855 782 incerto
922 722 1103 800 sunt,
1164 717 1339 782 Nare
1399 739 1475 782 ac
1510 739 1686 781 mox
1730 717 1950 781 Tiberi
2009 716 2122 781 de-

300 828 526 890 vectus
573 823 754 887 auxit
796 822 975 906 vulgi
1018 823 1167 905 iras,
1214 821 1365 906 quia
1407 841 1639 886 navem
1678 823 1924 885 tumulo
1961 820 2123 886 an-

302 901 517 992 sarum
555 927 895 1012 adpulerat
928 925 1161 1011 dieque
1211 932 1277 989 et
1319 927 1462 1010 ripa
1503 922 1843 1011 frequenti,
1888 947 2123 1011 magno
2147 941 2199 982 10

304 1029 631 1096 clientium
676 1031 930 1115 agmine
978 1031 1137 1115 ipse,
1183 1030 1565 1095 feminarum
1597 1031 1905 1096 comitatu
1934 1032 2128 1096 Plan-

304 1135 447 1199 cina
493 1140 558 1199 et
600 1135 785 1197 vultu
838 1134 1084 1198 alacres
1129 1133 1470 1198 incessere.
1529 1134 1650 1197 fuit
1695 1135 1863 1198 inter
1907 1135 2126 1199 inrita-

234 1316 239 1320 ,
302 1244 521 1302 menta
562 1236 842 1302 invidiae
893 1237 1121 1302 domus
1166 1236 1309 1300 foro
1357 1237 1672 1302 inminens
1704 1237 1870 1302 festa
1903 1244 2130 1304 ornatu

306 1342 797 1426 conviviumque
855 1349 921 1406 et
980 1341 1211 1426 epulae
1263 1345 1329 1406 et
1374 1341 1752 1405 celebritate
1796 1340 1924 1404 loci
1969 1342 2130 1406 nihil

310 1446 649 1511 occultum.
2150 1466 2200 1504 15

442 1551 541 1614 10.
603 1549 879 1614 Postera
926 1550 1030 1614 die
1059 1549 1394 1614 Fulcinius
1436 1549 1588 1614 Trio
1634 1549 1944 1614 Pisonem
1973 1559 2132 1636 aput

308 1654 604 1718 consules
650 1655 1021 1739 postulavit,
1065 1653 1370 1719 Vitellius
1415 1674 1489 1716 ac
1533 1653 1854 1718 Veranius
1901 1655 2131 1718 ceteri-

309 1780 432 1844 que
484 1759 936 1825 Germanicum
982 1758 1302 1824 comitati:
1363 1757 1592 1841 ,nullas
1635 1759 1836 1842 partis
1877 1757 2130 1841 Trioni3

306 1883 519 1947 neque
566 1883 635 1927 se
683 1867 1111 1946 accusatores,
1158 1862 1277 1926 sed
1311 1883 1528 1926 rerum
1556 1860 1804 1926 indices
1836 1869 1902 1926 et
1932 1868 2132 1929 testes

307 1968 611 2032 mandata
645 1968 1013 2034 Germanici
1058 1964 1464 2053 perlaturos.‘
1529 1968 1639 2031 ille
1688 1967 1949 2032 dimissa
1993 1970 2174 2034 eius⁵

310 2092 543 2135 causae
591 2070 917 2136 delatione
962 2076 1035 2135 ut
1074 2072 1358 2156 priorem
1402 2072 1600 2135 vitam
1645 2078 1976 2137 accusaret
2017 2074 2131 2137 ob-

308 2176 502 2239 tinuit
544 2176 945 2260 petitumque
992 2182 1091 2241 est
1136 2198 1174 2239 a
1216 2176 1508 2261 principe
1547 2178 1983 2261 cognitionem
2018 2199 2133 2242 ex-

313 2279 575 2362 ciperet.
664 2276 837 2362 quod
881 2300 964 2342 ne
1010 2300 1159 2343 reus
1205 2279 1467 2363 quidem
1511 2278 1867 2363 abnuebat,
1923 2281 2138 2345 studia

314 2381 541 2467 populi
586 2386 651 2446 et
686 2387 941 2466 patrum
967 2388 1297 2447 metuens:
1347 2390 1570 2449 contra
1598 2384 1928 2450 Tiberium
1961 2408 2136 2471 sper-

314 2484 543 2551 nendis
587 2485 947 2561 rumoribus
994 2486 1282 2551 validum
1329 2494 1394 2552 et
1441 2489 1871 2554 conscientiae
1915 2492 2137 2555 matris
2157 2510 2208 2551 10

314 2589 654 2671 innexum3
701 2610 983 2673 veraque
1032 2594 1143 2653 aut
1187 2590 1255 2653 in
1303 2588 1586 2654 deterius
1633 2592 1878 2685 credita
1920 2592 2136 2657 iudice

316 2696 396 2759 ab
436 2714 565 2757 uno
612 2694 864 2759 facilius
912 2693 1209 2777 discerni,
1257 2692 1478 2758 odium
1522 2702 1588 2761 et
1626 2696 1932 2760 invidiam
1963 2698 2138 2783 apud

314 2800 552 2863 multos
596 2800 833 2865 valere.
908 2798 1083 2863 haud
1119 2798 1382 2863 fallebat
1413 2797 1742 2864 Tiberium
1779 2801 1986 2866 moles
2029 2824 2136 2867 co-

315 2903 622 2987 gnitionis
669 2924 921 2988 quaque
975 2904 1115 2988 ipse
1159 2905 1331 2967 fama
1379 2902 1863 2970 distraheretur.
1942 2905 2139 2990 igitur

316 3006 538 3091 paucis
580 3007 988 3072 familiarium
1026 3006 1333 3070 adhibitis
1363 3006 1568 3072 minas
1603 3009 2039 3075 accusantium
2074 3016 2138 3075 et
2156 3036 2208 3074 15

316 3110 465 3175 hinc
502 3132 728 3196 preces
760 3111 941 3176 audit
964 3112 1410 3195 integramque
1441 3133 1696 3176 causam
1728 3112 1812 3177 ad
1846 3117 2140 3177 senatum

318 3214 603 3280 remittit.
2133 3282 2142 3291 ,

455 3320 555 3385 11.
616 3317 835 3405 Atque
902 3319 1154 3384 interim
1223 3320 1471 3385 Drusus
1537 3320 1796 3385 rediens
1857 3319 2141 3404 Illyrico,

322 3444 705 3508 quamquam
746 3429 964 3508 patres
1009 3424 1410 3489 censuissent
1454 3424 1536 3488 ob
1569 3428 1899 3508 receptum
1931 3424 2141 3491 Maro-

628 3530 633 3535 ·
1709 3524 1824 3577 με*
