2467 3900
629 253 704 294 AB
731 253 985 294 EXOESSU
1011 253 1142 293 Dm
1167 252 1423 293 AUGUSTI
1448 252 1513 291 VI
1539 253 1680 293 9-12.
1942 247 2057 305 225

237 413 586 498 processit3
633 413 830 478 decus
859 413 1247 498 triumphale
1276 413 1344 476 in
1374 411 1688 476 Thraecia
1715 417 2060 476 meruerat.

239 517 358 581 sed
402 517 751 603 praecipua
793 540 880 583 ex
925 539 1006 583 eo
1036 518 1265 602 gloria,
1311 516 1487 602 quod
1517 516 1881 602 praefectus
1916 517 2061 581 urbi
2160 595 2165 601 ἡ

238 642 464 686 recens
507 619 872 688 continuam
901 627 1293 707 potestatem
1328 626 1394 685 et
1420 621 1765 686 insolentia
1792 620 2062 706 parendi

239 726 604 812 graviorem
647 726 808 790 mire
853 725 1263 810 temperavit.
2079 743 2131 782 20

376 831 476 895 11.
538 831 836 914 Namque
873 834 1065 893 antea
1106 827 1414 913 profectis
1458 819 1737 913 regibus,
1782 849 1865 892 ne
1909 829 2063 892 urbs

240 936 378 1000 sine
423 934 694 1019 imperio
741 933 929 1015 foret,
976 933 1042 997 in
1072 938 1327 1016 tempus
1360 931 1768 1014 deligebatur
1812 931 1919 1016 qui
1963 932 2062 995 ius

239 1039 549 1102 redderet
592 1058 667 1100 ac
713 1034 936 1098 subitis
981 1034 1387 1116 mederetur3
1432 1033 1771 1117 feruntque
1816 1035 1897 1098 ab
1926 1035 2062 1099 Ro-

238 1142 418 1206 mulo
462 1139 782 1204 Dentrem
813 1137 1210 1220 Romulium,
1255 1144 1404 1222 post
1448 1137 1527 1201 ab
1556 1138 1746 1202 Tullo
1776 1138 2061 1202 Hostilio

239 1245 523 1309 Numam
538 1243 852 1308 Marcium
881 1248 946 1307 et
971 1244 1051 1307 ab
1073 1240 1421 1327 Tarquinio
1446 1243 1739 1327 Superbo
1765 1241 2067 1327 Spurium
2085 1262 2110 1299 5

241 1347 617 1412 Lucretium
664 1346 1001 1431 inpositos.
1093 1345 1245 1411 dein
1304 1348 1599 1412 consules
1644 1347 2063 1429 mandabant;

245 1451 560 1536 duratque
607 1451 1042 1530 simulacrum,
1100 1451 1397 1535 quotiens
1445 1452 1527 1515 ob
1572 1451 1762 1515 ferias
1806 1451 2068 1515 Latinas

243 1557 611 1641 praeficitur
643 1557 752 1641 qui
785 1556 1118 1620 consulare
1159 1575 1392 1620 munus
1420 1560 1707 1640 usurpet.
1784 1560 2068 1620 ceterum

244 1659 582 1744 Augustus
613 1657 618 1667 '
654 1659 842 1723 bellis
918 1657 1210 1723 civilibus
1280 1657 1557 1723 Cilnium
1624 1658 2071 1725 Maecenatem

247 1763 564 1849 equestris
589 1762 828 1826 ordinis
854 1763 1095 1827 cunctis
1115 1761 1288 1846 apud
1306 1761 1584 1826 Romam
1607 1768 1798 1848 atque
1816 1755 2072 1828 Italiam
2088 1777 2139 1816 1⁰

245 1866 657 1953 praeposuit:
704 1887 858 1930 mox
903 1885 1120 1930 rerum
1167 1864 1411 1950 potitus
1446 1865 1527 1928 ob
1558 1865 2068 1951 magnitudinem

247 1971 472 2057 populi
530 1993 604 2035 ac
661 1970 848 2035 tarda
889 1972 1112 2054 legum
1156 1969 1397 2033 auxilia
1442 1972 1713 2053 sumpsit
1758 1991 1795 2033 e
1844 1990 2070 2033 consu-

247 2075 486 2139 laribus
559 2076 666 2160 qui
736 2082 1069 2139 coerceret
1133 2074 1398 2138 servitia
1463 2078 1529 2137 et
1594 2071 1772 2157 quod
1838 2073 2071 2135 civium

249 2180 518 2244 audacia
532 2178 879 2259 turbidum,
905 2180 1027 2243 nisi
1047 2178 1178 2244 vim
1198 2183 1465 2242 metuat.
1508 2177 1877 2261 primusque
1902 2176 2074 2241 Mes-

253 2283 410 2347 salla
436 2282 751 2347 Gorvinus
785 2303 928 2346 eam
957 2287 1349 2366 potestatem
1382 2286 1448 2347 et
1478 2300 1719 2365 paucos
1747 2280 1915 2343 intra
1935 2280 2073 2345 dies
2091 2302 2143 2341 15

251 2386 444 2450 finem
473 2386 739 2469 accepit,
772 2386 955 2470 quasi
987 2386 1238 2450 nescius
1264 2383 1643 2466 exercendi3
1672 2390 1807 2447 tum
1830 2384 2077 2449 Taurus

255 2489 558 2571 Statilius,
579 2510 966 2573 quamquam
979 2494 1289 2573 provecta
1304 2495 1537 2571 aetate,
1558 2490 1818 2574 egregie
1838 2491 2075 2555 tolera-

254 2594 380 2675 vit3
415 2594 565 2658 dein
583 2594 735 2658 Piso
757 2592 1126 2679 quindecim
1144 2612 1263 2679 per
1286 2615 1487 2659 annos
1510 2595 1751 2679 pariter
1769 2596 2077 2679 probatus

257 2699 516 2784 publico
563 2698 787 2763 funere
826 2719 910 2762 ex
958 2698 1218 2764 decreto
1252 2704 1513 2762 senatus
1556 2699 1913 2763 celebratus
1960 2705 2078 2763 est.

389 2802 490 2865 12.
552 2800 856 2866 Relatum
922 2804 1074 2867 inde
1143 2802 1226 2866 ad
1292 2808 1509 2888 patres
1574 2825 1613 2866 a
1680 2804 2075 2879 Quintiliano

256 2904 515 2968 tribuno
562 2904 780 2988 plebei
827 2904 908 2969 de
954 2905 1118 2970 libro
1168 2905 1485 2990 Sibullae,
1534 2927 1727 2991 quem
1775 2908 2079 2973 Caninius

260 3008 484 3095 Gallus
530 3006 1107 3091 quindecimvirum
1153 3010 1356 3094 recipi
1397 3010 1567 3075 inter
1612 3020 1865 3076 ceteros
1910 3013 2078 3077 eius-

260 3113 409 3177 dem
454 3111 618 3177 vatis
665 3118 731 3176 et
778 3134 860 3176 ea
903 3111 984 3177 de
1027 3133 1100 3177 re
1146 3120 1405 3178 senatus
1452 3116 1815 3179 consultum
1862 3122 2082 3200 postu-

257 3216 521 3280 laverat.
598 3237 726 3300 quo
757 3230 876 3299 per
911 3216 1370 3282 discessionem
1416 3217 1585 3284 facto
1624 3219 1796 3283 misit
1833 3220 2122 3284 litterass

133 3336 138 3342 ·
264 3318 499 3383 Caesar
541 3318 799 3383 modice
843 3319 1170 3384 tribunum
1212 3322 1553 3406 increpans
1589 3323 1883 3407 ignarum
1917 3324 2081 3388 anti-

263 3421 371 3506 qui
414 3423 610 3487 moris
660 3423 742 3488 ob
785 3424 1134 3489 iuventam.
1199 3424 1388 3489 Gallo
1424 3426 1865 3509 exprobrabat
1908 3428 2081 3511 quod

1627 3522 1774 3579 13²⁸*
