2467 3900
625 221 699 258 AB
726 219 976 258 EXOESSU
1003 219 1132 259 DIVI
1159 218 1415 259 AUGUSTI
1440 219 1503 258 VI
1532 219 1699 260 50-51.
1948 214 2061 270 253
2128 277 2135 282 .

241 381 455 463 prima
499 376 577 440 ab
611 376 877 441 infantia
919 375 1262 460 ancipites3
1309 397 1460 440 nam
1488 369 1919 461 proscriptum
1949 397 2060 460 pa-

241 488 415 546 trem
443 482 595 546 exul
626 488 901 562 secutu8,
949 480 1058 544 ubi
1107 479 1374 545 domum
1406 479 1687 565 Augusti
1732 480 2103 565 privignum

237 588 512 669 introiit,
551 586 764 651 multis
796 586 1061 649 aemulis
1095 585 1494 649 conflictatus
1527 590 1644 666 est,
1704 585 1855 648 dum
1887 585 2058 648 Mar-

242 691 446 755 cellus
484 697 548 753 et
573 688 884 774 Agrippa,
932 709 1086 752 mox
1118 690 1319 762 Gaius
1352 689 1715 772 Luciusque
1751 689 2060 754 Caesares

240 797 544 879 viguere3
618 794 810 857 etiam
873 795 1070 857 frater
1139 794 1277 857 eius
1338 795 1591 860 Drusus
1653 795 2060 879 prosperiore

244 901 483 965 civium
527 920 744 963 amore
793 905 948 963 erat.
1039 899 1156 962 sed
1201 901 1481 963 maxime
1526 900 1593 961 in
1636 898 1881 962 lubrico
1930 899 2063 983 egit

244 1010 515 1088 accepta
557 1003 625 1067 in
662 1003 1140 1069 matrimonium
1168 1004 1336 1067 Iulia
1364 1002 1807 1088 inpudicitiam
1836 1003 2060 1066 uxoris
2077 1022 2127 1061 10

245 1111 532 1176 tolerans
597 1116 706 1173 aut
771 1107 1119 1183 declinans,
1213 1107 1359 1170 dein
1426 1105 1664 1170 Rhodo
1728 1127 2061 1190 regressus

245 1236 486 1280 vacuos
548 1213 850 1299 principis
909 1219 1176 1298 penates
1235 1212 1580 1276 duodecim
1628 1212 1839 1293 annis,
1903 1232 2057 1274 mox

246 1319 343 1383 rei
397 1317 729 1382 Romanae
791 1318 1121 1381 arbitrium
1176 1316 1381 1379 tribus
1449 1316 1653 1379 ferme
1715 1321 1780 1379 et
1836 1315 2061 1398 viginti

252 1422 545 1486 obtinuit.
608 1428 862 1484 morum
929 1442 1184 1505 quoque
1250 1426 1546 1504 tempora
1585 1419 1709 1499 „illi
1774 1418 2059 1483 diversa:

249 1525 585 1610 egregium
646 1525 779 1587 vita
833 1524 1160 1606 famaque,
1227 1523 1443 1608 quoad
1505 1523 1790 1607 privatus
1850 1523 1952 1586 vel
1997 1523 2061 1586 in
2081 1537 2131 1574 15

247 1631 532 1716 imperiis
565 1630 678 1694 sub
709 1629 1010 1714 Augusto
1042 1630 1192 1710 fuit3
1245 1623 1568 1693 occultum
1614 1650 1689 1692 ac
1720 1626 2062 1691 subdolum

243 1733 562 1818 fingendis
607 1734 968 1810 virtutibus,
1017 1732 1223 1796 donec
1261 1732 1680 1798 Germanicus
1712 1753 1784 1795 ac
1812 1732 2064 1795 Drusus

246 1839 660 1922 superfuere,
709 1837 883 1901 idem
927 1838 1093 1901 inter
1126 1837 1301 1902 bona
1342 1838 1635 1922 malaque
1672 1837 1921 1908 mixtus
1966 1836 2062 1899 in*

247 1941 487 2006 columi
533 1947 768 2023 matre,
830 1941 1213 2006 intestabilis
1260 1940 1559 2023 saevitia,
1625 1939 1739 2005 sed
1793 1929 2064 2004 obtectis

245 2044 641 2123 libidinibus,
670 2043 822 2108 dum
851 2046 1156 2109 Seianum
1188 2045 1419 2108 dilexit
1442 2045 1775 2109 timuitve:
1814 2048 2061 2128 postre-
2084 2069 2134 2107 20

247 2169 354 2211 mo
401 2148 466 2212 in
515 2149 761 2211 scelera
804 2148 994 2211 simul
1038 2170 1112 2212 ac
1159 2148 1485 2213 dedecora
1528 2148 1838 2233 prorupit,
1886 2152 2062 2231 post-

247 2271 438 2333 quam
499 2256 750 2314 remoto
807 2250 1057 2335 pudore
1119 2258 1184 2315 et
1243 2261 1421 2317 metu
1482 2274 1597 2316 suo
1658 2259 1905 2316 tantum
1967 2252 2061 2314 in-
2134 2276 2139 2279 ·

247 2355 442 2437 genio
489 2354 808 2418 utebatur.

367 3512 604 3553 Cornelius
627 3514 826 3553 Tacitus.
881 3515 913 3553 1.
1700 3508 1763 3558 15
