<?xml version="1.0" encoding="UTF-8"?>
<!DOCTYPE html PUBLIC "-//W3C//DTD XHTML 1.0 Transitional//EN"
    "http://www.w3.org/TR/xhtml1/DTD/xhtml1-transitional.dtd">
<html xmlns="http://www.w3.org/1999/xhtml" xml:lang="en" lang="en">
 <head>
  <title>
</title>
<meta http-equiv="Content-Type" content="text/html;charset=utf-8" />
  <meta name='ocr-system' content='tesseract 3.04.00' />
  <meta name='ocr-capabilities' content='ocr_page ocr_carea ocr_par ocr_line ocrx_word'/>
</head>
<body>
  <div class='ocr_page' id='page_1' title='image "./corneliitacitia00gitlgoog_0065.png"; bbox 0 0 2467 3900; ppageno 0'>
   <div class='ocr_carea' id='block_1_1' title="bbox 643 233 2083 290">
    <p class='ocr_par' dir='ltr' id='par_1_1' title="bbox 643 233 2083 290">
     <span class='ocr_line' id='line_1_1' title="bbox 643 233 2083 290; baseline 0.003 -15"><span class='ocrx_word' id='word_1_1' title='bbox 643 237 718 276; x_wconf 86' lang='lat' dir='ltr'><strong>AB</strong></span> <span class='ocrx_word' id='word_1_2' title='bbox 746 236 999 276; x_wconf 75' lang='lat' dir='ltr'>EXGESSU</span> <span class='ocrx_word' id='word_1_3' title='bbox 1027 238 1156 277; x_wconf 89' lang='lat' dir='ltr'><strong>DIVI</strong></span> <span class='ocrx_word' id='word_1_4' title='bbox 1181 237 1438 277; x_wconf 82' lang='lat' dir='ltr'>AUGUSTI</span> <span class='ocrx_word' id='word_1_5' title='bbox 1463 237 1486 276; x_wconf 94' lang='lat'>1</span> <span class='ocrx_word' id='word_1_6' title='bbox 1513 239 1681 278; x_wconf 72' lang='lat'>72—74.</span> <span class='ocrx_word' id='word_1_7' title='bbox 2010 233 2083 290; x_wconf 84' lang='grc'><strong>53</strong></span> 
     </span>
    </p>
   </div>
   <div class='ocr_carea' id='block_1_2' title="bbox 251 397 2162 3509">
    <p class='ocr_par' dir='ltr' id='par_1_2' title="bbox 251 397 2162 3509">
     <span class='ocr_line' id='line_1_2' title="bbox 253 397 2082 484; baseline 0 -21"><span class='ocrx_word' id='word_1_8' title='bbox 253 398 575 463; x_wconf 81' lang='lat' dir='ltr'><strong>violatum</strong></span> <span class='ocrx_word' id='word_1_9' title='bbox 621 398 903 483; x_wconf 86' lang='lat' dir='ltr'><strong>periurio</strong></span> <span class='ocrx_word' id='word_1_10' title='bbox 952 420 1192 463; x_wconf 88' lang='lat' dir='ltr'><strong>numen</strong></span> <span class='ocrx_word' id='word_1_11' title='bbox 1222 397 1523 484; x_wconf 80' lang='lat' dir='ltr'><strong>Augusti.</strong></span> <span class='ocrx_word' id='word_1_12' title='bbox 1614 421 1777 484; x_wconf 92' lang='lat' dir='ltr'><strong>quae</strong></span> <span class='ocrx_word' id='word_1_13' title='bbox 1823 400 1933 464; x_wconf 88' lang='lat' dir='ltr'><strong>ubi</strong></span> <span class='ocrx_word' id='word_1_14' title='bbox 1976 400 2082 463; x_wconf 84' lang='lat' dir='ltr'><strong>Ti-</strong></span> 
     </span>
     <span class='ocr_line' id='line_1_3' title="bbox 251 503 2082 587; baseline 0.001 -19"><span class='ocrx_word' id='word_1_15' title='bbox 251 504 439 568; x_wconf 89' lang='lat' dir='ltr'><strong>berio</strong></span> <span class='ocrx_word' id='word_1_16' title='bbox 474 509 766 585; x_wconf 89' lang='lat' dir='ltr'><strong>notuere,</strong></span> <span class='ocrx_word' id='word_1_17' title='bbox 813 503 1064 587; x_wconf 80' lang='lat' dir='ltr'><strong>scripsit</strong></span> <span class='ocrx_word' id='word_1_18' title='bbox 1096 503 1462 566; x_wconf 91' lang='lat' dir='ltr'><strong>consulibus</strong></span> <span class='ocrx_word' id='word_1_19' title='bbox 1492 525 1624 567; x_wconf 93' lang='lat' dir='ltr'><strong>non</strong></span> <span class='ocrx_word' id='word_1_20' title='bbox 1670 503 1819 568; x_wconf 94' lang='lat' dir='ltr'><strong>ideo</strong></span> <span class='ocrx_word' id='word_1_21' title='bbox 1860 504 2082 570; x_wconf 90' lang='lat' dir='ltr'><strong>deere-</strong></span> 
     </span>
     <span class='ocr_line' id='line_1_4' title="bbox 253 608 2085 693; baseline -0.001 -20"><span class='ocrx_word' id='word_1_22' title='bbox 253 615 396 673; x_wconf 82' lang='lat' dir='ltr'><strong>tum</strong></span> <span class='ocrx_word' id='word_1_23' title='bbox 445 608 615 693; x_wconf 89' lang='lat' dir='ltr'><strong>patri</strong></span> <span class='ocrx_word' id='word_1_24' title='bbox 662 629 776 671; x_wconf 89' lang='lat' dir='ltr'><strong>suo</strong></span> <span class='ocrx_word' id='word_1_25' title='bbox 822 608 1090 688; x_wconf 91' lang='lat' dir='ltr'><strong>caelum,</strong></span> <span class='ocrx_word' id='word_1_26' title='bbox 1141 614 1211 672; x_wconf 90' lang='lat' dir='ltr'><strong>ut</strong></span> <span class='ocrx_word' id='word_1_27' title='bbox 1248 609 1313 672; x_wconf 91' lang='lat' dir='ltr'><strong>in</strong></span> <span class='ocrx_word' id='word_1_28' title='bbox 1354 610 1708 693; x_wconf 90' lang='lat' dir='ltr'><strong>perniciem</strong></span> <span class='ocrx_word' id='word_1_29' title='bbox 1752 611 1986 675; x_wconf 86' lang='lat' dir='ltr'><strong>civium</strong></span> <span class='ocrx_word' id='word_1_30' title='bbox 2032 610 2085 673; x_wconf 88' lang='lat' dir='ltr'><strong>is</strong></span> 
     </span>
     <span class='ocr_line' id='line_1_5' title="bbox 256 711 2087 778; baseline 0.001 -2"><span class='ocrx_word' id='word_1_31' title='bbox 256 713 468 777; x_wconf 91' lang='lat' dir='ltr'><strong>honor</strong></span> <span class='ocrx_word' id='word_1_32' title='bbox 491 717 870 776; x_wconf 86' lang='lat' dir='ltr'><strong>verteretur.</strong></span> <span class='ocrx_word' id='word_1_33' title='bbox 917 711 1209 775; x_wconf 81' lang='lat' dir='ltr'><strong>Cassium</strong></span> <span class='ocrx_word' id='word_1_34' title='bbox 1231 713 1611 777; x_wconf 77' lang='lat' dir='ltr'>histrionem</span> <span class='ocrx_word' id='word_1_35' title='bbox 1636 714 1897 777; x_wconf 90' lang='lat' dir='ltr'><strong>solitum</strong></span> <span class='ocrx_word' id='word_1_36' title='bbox 1920 715 2087 778; x_wconf 92' lang='lat' dir='ltr'><strong>inter</strong></span> 
     </span>
     <span class='ocr_line' id='line_1_6' title="bbox 257 815 2157 900; baseline 0.002 -22"><span class='ocrx_word' id='word_1_37' title='bbox 257 817 424 879; x_wconf 85' lang='lat' dir='ltr'><strong>alios</strong></span> <span class='ocrx_word' id='word_1_38' title='bbox 456 815 748 881; x_wconf 92' lang='lat' dir='ltr'><strong>eiusdem</strong></span> <span class='ocrx_word' id='word_1_39' title='bbox 781 815 934 878; x_wconf 89' lang='lat' dir='ltr'><strong>artis</strong></span> <span class='ocrx_word' id='word_1_40' title='bbox 965 815 1278 880; x_wconf 78' lang='lat' dir='ltr'>interesse</span> <span class='ocrx_word' id='word_1_41' title='bbox 1309 816 1499 899; x_wconf 90' lang='lat' dir='ltr'><strong>ludis,</strong></span> <span class='ocrx_word' id='word_1_42' title='bbox 1547 838 1707 900; x_wconf 91' lang='lat' dir='ltr'><strong>quos</strong></span> <span class='ocrx_word' id='word_1_43' title='bbox 1736 824 1942 881; x_wconf 90' lang='lat' dir='ltr'><strong>mater</strong></span> <span class='ocrx_word' id='word_1_44' title='bbox 1972 839 2087 882; x_wconf 89' lang='lat' dir='ltr'><strong>sua</strong></span> <span class='ocrx_word' id='word_1_45' title='bbox 2106 837 2157 875; x_wconf 81' lang='lat'><strong>15</strong></span> 
     </span>
     <span class='ocr_line' id='line_1_7' title="bbox 253 919 2085 1004; baseline 0.002 -22"><span class='ocrx_word' id='word_1_46' title='bbox 253 920 327 983; x_wconf 92' lang='lat' dir='ltr'><strong>in</strong></span> <span class='ocrx_word' id='word_1_47' title='bbox 371 920 750 984; x_wconf 83' lang='lat' dir='ltr'>memoriam</span> <span class='ocrx_word' id='word_1_48' title='bbox 776 919 1060 1004; x_wconf 82' lang='lat' dir='ltr'><strong>Augusti</strong></span> <span class='ocrx_word' id='word_1_49' title='bbox 1104 925 1454 1002; x_wconf 71' lang='lat' dir='ltr'><strong>sacrasset,</strong></span> <span class='ocrx_word' id='word_1_50' title='bbox 1502 941 1623 984; x_wconf 90' lang='lat' dir='ltr'><strong>nec</strong></span> <span class='ocrx_word' id='word_1_51' title='bbox 1670 926 1893 985; x_wconf 87' lang='lat' dir='ltr'><strong>contra</strong></span> <span class='ocrx_word' id='word_1_52' title='bbox 1936 923 2085 986; x_wconf 92' lang='lat' dir='ltr'><strong>reli-</strong></span> 
     </span>
     <span class='ocr_line' id='line_1_8' title="bbox 255 1023 2085 1108; baseline 0 -20"><span class='ocrx_word' id='word_1_53' title='bbox 255 1026 490 1108; x_wconf 85' lang='lat' dir='ltr'><strong>giones</strong></span> <span class='ocrx_word' id='word_1_54' title='bbox 532 1025 692 1107; x_wconf 91' lang='lat' dir='ltr'><strong>fieri,</strong></span> <span class='ocrx_word' id='word_1_55' title='bbox 740 1023 916 1108; x_wconf 92' lang='lat' dir='ltr'><strong>quod</strong></span> <span class='ocrx_word' id='word_1_56' title='bbox 964 1024 1210 1106; x_wconf 87' lang='lat' dir='ltr'><strong>effigies</strong></span> <span class='ocrx_word' id='word_1_57' title='bbox 1258 1024 1426 1105; x_wconf 75' lang='lat' dir='ltr'><strong>eiuS,</strong></span> <span class='ocrx_word' id='word_1_58' title='bbox 1470 1030 1542 1086; x_wconf 90' lang='lat' dir='ltr'><strong>ut</strong></span> <span class='ocrx_word' id='word_1_59' title='bbox 1582 1024 1707 1087; x_wconf 91' lang='lat' dir='ltr'><strong>alia</strong></span> <span class='ocrx_word' id='word_1_60' title='bbox 1754 1026 2085 1090; x_wconf 90' lang='lat' dir='ltr'><strong>numinum</strong></span> 
     </span>
     <span class='ocr_line' id='line_1_9' title="bbox 256 1128 2085 1209; baseline 0.001 -17"><span class='ocrx_word' id='word_1_61' title='bbox 256 1130 622 1209; x_wconf 88' lang='lat' dir='ltr'><strong>simulacra,</strong></span> <span class='ocrx_word' id='word_1_62' title='bbox 667 1128 1147 1193; x_wconf 79' lang='lat' dir='ltr'><strong>venditionibus</strong></span> <span class='ocrx_word' id='word_1_63' title='bbox 1179 1128 1514 1192; x_wconf 90' lang='lat' dir='ltr'><strong>hortorum</strong></span> <span class='ocrx_word' id='word_1_64' title='bbox 1546 1135 1612 1192; x_wconf 92' lang='lat' dir='ltr'><strong>et</strong></span> <span class='ocrx_word' id='word_1_65' title='bbox 1644 1129 1949 1193; x_wconf 84' lang='lat' dir='ltr'><strong>domuum</strong></span> <span class='ocrx_word' id='word_1_66' title='bbox 1983 1152 2085 1194; x_wconf 91' lang='lat' dir='ltr'><strong>ac-</strong></span> 
     </span>
     <span class='ocr_line' id='line_1_10' title="bbox 258 1233 2085 1318; baseline -0.001 -20"><span class='ocrx_word' id='word_1_67' title='bbox 258 1233 516 1298; x_wconf 87' lang='lat' dir='ltr'><strong>cedant.</strong></span> <span class='ocrx_word' id='word_1_68' title='bbox 584 1233 683 1296; x_wconf 92' lang='lat' dir='ltr'><strong>ius</strong></span> <span class='ocrx_word' id='word_1_69' title='bbox 714 1233 1055 1298; x_wconf 87' lang='lat' dir='ltr'><strong>iurandum</strong></span> <span class='ocrx_word' id='word_1_70' title='bbox 1087 1233 1863 1318; x_wconf 88' lang='lat' dir='ltr'><strong>perindeaestimandum</strong></span> <span class='ocrx_word' id='word_1_71' title='bbox 1895 1255 2085 1317; x_wconf 90' lang='lat' dir='ltr'><strong>quam</strong></span> 
     </span>
     <span class='ocr_line' id='line_1_11' title="bbox 256 1337 2155 1403; baseline 0.001 -1"><span class='ocrx_word' id='word_1_72' title='bbox 256 1339 316 1402; x_wconf 90' lang='lat' dir='ltr'><strong>si</strong></span> <span class='ocrx_word' id='word_1_73' title='bbox 361 1339 590 1402; x_wconf 87' lang='lat' dir='ltr'><strong>Iovem</strong></span> <span class='ocrx_word' id='word_1_74' title='bbox 636 1337 970 1401; x_wconf 85' lang='lat' dir='ltr'><strong>fefelliset:</strong></span> <span class='ocrx_word' id='word_1_75' title='bbox 1022 1337 1292 1400; x_wconf 87' lang='lat' dir='ltr'><strong>deorum</strong></span> <span class='ocrx_word' id='word_1_76' title='bbox 1336 1337 1601 1400; x_wconf 88' lang='lat' dir='ltr'><strong>iniurias</strong></span> <span class='ocrx_word' id='word_1_77' title='bbox 1650 1337 1745 1401; x_wconf 91' lang='lat' dir='ltr'><strong>dis</strong></span> <span class='ocrx_word' id='word_1_78' title='bbox 1794 1359 2004 1402; x_wconf 90' lang='lat' dir='ltr'><strong>curae.</strong></span> <span class='ocrx_word' id='word_1_79' title='bbox 2106 1365 2155 1403; x_wconf 84' lang='lat'><strong>20</strong></span> 
     </span>
     <span class='ocr_line' id='line_1_12' title="bbox 395 1439 2085 1527; baseline 0.002 -23"><span class='ocrx_word' id='word_1_80' title='bbox 395 1443 496 1506; x_wconf 78' lang='lat'><strong>74.</strong></span> <span class='ocrx_word' id='word_1_81' title='bbox 559 1441 700 1506; x_wconf 87' lang='lat' dir='ltr'><strong>Nec</strong></span> <span class='ocrx_word' id='word_1_82' title='bbox 729 1442 931 1506; x_wconf 92' lang='lat' dir='ltr'><strong>multo</strong></span> <span class='ocrx_word' id='word_1_83' title='bbox 965 1447 1114 1526; x_wconf 90' lang='lat' dir='ltr'><strong>post</strong></span> <span class='ocrx_word' id='word_1_84' title='bbox 1148 1439 1458 1504; x_wconf 82' lang='lat' dir='ltr'><strong>Granium</strong></span> <span class='ocrx_word' id='word_1_85' title='bbox 1489 1441 1867 1505; x_wconf 90' lang='lat' dir='ltr'><strong>Marcellum</strong></span> <span class='ocrx_word' id='word_1_86' title='bbox 1901 1463 2085 1527; x_wconf 88' lang='lat' dir='ltr'><strong>prae-</strong></span> 
     </span>
     <span class='ocr_line' id='line_1_13' title="bbox 256 1546 2086 1632; baseline 0.001 -21"><span class='ocrx_word' id='word_1_87' title='bbox 256 1554 473 1611; x_wconf 87' lang='lat' dir='ltr'><strong>torem</strong></span> <span class='ocrx_word' id='word_1_88' title='bbox 529 1546 875 1630; x_wconf 87' lang='lat' dir='ltr'><strong>Bithyniae</strong></span> <span class='ocrx_word' id='word_1_89' title='bbox 941 1552 1242 1630; x_wconf 87' lang='lat' dir='ltr'><strong>quaestor</strong></span> <span class='ocrx_word' id='word_1_90' title='bbox 1298 1547 1498 1631; x_wconf 90' lang='lat' dir='ltr'><strong>ipsius</strong></span> <span class='ocrx_word' id='word_1_91' title='bbox 1548 1549 1789 1632; x_wconf 82' lang='lat' dir='ltr'><strong>Caepio</strong></span> <span class='ocrx_word' id='word_1_92' title='bbox 1845 1548 2086 1632; x_wconf 82' lang='lat' dir='ltr'><strong>Crispi-</strong></span> 
     </span>
     <span class='ocr_line' id='line_1_14' title="bbox 255 1652 2084 1736; baseline 0 -21"><span class='ocrx_word' id='word_1_93' title='bbox 255 1672 412 1718; x_wconf 79' lang='lat' dir='ltr'><strong>nus</strong></span> <span class='ocrx_word' id='word_1_94' title='bbox 445 1652 797 1715; x_wconf 89' lang='lat' dir='ltr'><strong>maiestatis</strong></span> <span class='ocrx_word' id='word_1_95' title='bbox 867 1652 1216 1736; x_wconf 87' lang='lat' dir='ltr'><strong>postulavit</strong></span> <span class='ocrx_word' id='word_1_96' title='bbox 1282 1654 1721 1719; x_wconf 81' lang='lat' dir='ltr'><strong>subscribente</strong></span> <span class='ocrx_word' id='word_1_97' title='bbox 1789 1652 2084 1718; x_wconf 89' lang='lat' dir='ltr'><strong>Romano</strong></span> 
     </span>
     <span class='ocr_line' id='line_1_15' title="bbox 258 1753 2089 1842; baseline 0.002 -25"><span class='ocrx_word' id='word_1_98' title='bbox 258 1753 592 1839; x_wconf 86' lang='lat' dir='ltr'><strong>Hispone:</strong></span> <span class='ocrx_word' id='word_1_99' title='bbox 659 1755 772 1838; x_wconf 85' lang='lat' dir='ltr'><strong>qui</strong></span> <span class='ocrx_word' id='word_1_100' title='bbox 831 1755 1104 1819; x_wconf 90' lang='lat' dir='ltr'><strong>formam</strong></span> <span class='ocrx_word' id='word_1_101' title='bbox 1158 1756 1331 1820; x_wconf 84' lang='lat' dir='ltr'><strong>vitae</strong></span> <span class='ocrx_word' id='word_1_102' title='bbox 1388 1757 1561 1839; x_wconf 89' lang='lat' dir='ltr'><strong>iniit,</strong></span> <span class='ocrx_word' id='word_1_103' title='bbox 1623 1779 1817 1841; x_wconf 90' lang='lat' dir='ltr'><strong>quam</strong></span> <span class='ocrx_word' id='word_1_104' title='bbox 1860 1764 2089 1842; x_wconf 90' lang='lat' dir='ltr'><strong>postea</strong></span> 
     </span>
     <span class='ocr_line' id='line_1_16' title="bbox 256 1859 2131 1944; baseline 0.001 -22"><span class='ocrx_word' id='word_1_105' title='bbox 256 1859 587 1923; x_wconf 83' lang='lat' dir='ltr'><strong>celebrem</strong></span> <span class='ocrx_word' id='word_1_106' title='bbox 621 1859 914 1924; x_wconf 86' lang='lat' dir='ltr'><strong>miseriae</strong></span> <span class='ocrx_word' id='word_1_107' title='bbox 947 1865 1312 1944; x_wconf 88' lang='lat' dir='ltr'><strong>temporum</strong></span> <span class='ocrx_word' id='word_1_108' title='bbox 1346 1865 1411 1924; x_wconf 90' lang='lat' dir='ltr'><strong>et</strong></span> <span class='ocrx_word' id='word_1_109' title='bbox 1429 1859 1735 1924; x_wconf 87' lang='lat' dir='ltr'><strong>audaciae</strong></span> <span class='ocrx_word' id='word_1_110' title='bbox 1755 1861 2131 1925; x_wconf 73' lang='lat' dir='ltr'><strong>hominums</strong></span> 
     </span>
     <span class='ocr_line' id='line_1_17' title="bbox 256 1956 2086 2051; baseline 0.001 -24"><span class='ocrx_word' id='word_1_111' title='bbox 256 1964 574 2029; x_wconf 87' lang='lat' dir='ltr'><strong>fecerunt.</strong></span> <span class='ocrx_word' id='word_1_112' title='bbox 662 1987 814 2028; x_wconf 88' lang='lat' dir='ltr'><strong>nam</strong></span> <span class='ocrx_word' id='word_1_113' title='bbox 874 1986 1074 2049; x_wconf 86' lang='lat' dir='ltr'><strong>egens</strong></span> <span class='ocrx_word' id='word_1_114' title='bbox 1133 1966 1393 2051; x_wconf 86' lang='lat' dir='ltr'><strong>ignotus</strong></span> <span class='ocrx_word' id='word_1_115' title='bbox 1439 1956 1721 2049; x_wconf 76' lang='lat' dir='ltr'><strong>inquieS,</strong></span> <span class='ocrx_word' id='word_1_116' title='bbox 1778 1965 1932 2029; x_wconf 92' lang='lat' dir='ltr'><strong>dum</strong></span> <span class='ocrx_word' id='word_1_117' title='bbox 1981 1986 2086 2029; x_wconf 93' lang='lat' dir='ltr'><strong>oc-</strong></span> 
     </span>
     <span class='ocr_line' id='line_1_18' title="bbox 257 2069 2089 2156; baseline 0 -23"><span class='ocrx_word' id='word_1_118' title='bbox 257 2069 449 2133; x_wconf 88' lang='lat' dir='ltr'><strong>cultis</strong></span> <span class='ocrx_word' id='word_1_119' title='bbox 493 2070 725 2143; x_wconf 91' lang='lat' dir='ltr'><strong>libellis</strong></span> <span class='ocrx_word' id='word_1_120' title='bbox 771 2070 1076 2133; x_wconf 83' lang='lat' dir='ltr'><strong>saevitiae</strong></span> <span class='ocrx_word' id='word_1_121' title='bbox 1109 2071 1417 2156; x_wconf 91' lang='lat' dir='ltr'><strong>principis</strong></span> <span class='ocrx_word' id='word_1_122' title='bbox 1449 2070 1721 2155; x_wconf 91' lang='lat' dir='ltr'><strong>adrepit,</strong></span> <span class='ocrx_word' id='word_1_123' title='bbox 1767 2092 1923 2133; x_wconf 84' lang='lat' dir='ltr'><strong>mox</strong></span> <span class='ocrx_word' id='word_1_124' title='bbox 1962 2070 2089 2134; x_wconf 88' lang='lat' dir='ltr'><strong>cla-</strong></span> 
     </span>
     <span class='ocr_line' id='line_1_19' title="bbox 255 2172 2090 2261; baseline 0.001 -24"><span class='ocrx_word' id='word_1_125' title='bbox 255 2172 510 2237; x_wconf 88' lang='lat' dir='ltr'><strong>rissimo</strong></span> <span class='ocrx_word' id='word_1_126' title='bbox 545 2174 774 2258; x_wconf 89' lang='lat' dir='ltr'><strong>cuique</strong></span> <span class='ocrx_word' id='word_1_127' title='bbox 807 2174 1163 2259; x_wconf 90' lang='lat' dir='ltr'><strong>periculum</strong></span> <span class='ocrx_word' id='word_1_128' title='bbox 1204 2174 1483 2257; x_wconf 83' lang='lat' dir='ltr'><strong>facessit,</strong></span> <span class='ocrx_word' id='word_1_129' title='bbox 1529 2176 1884 2260; x_wconf 88' lang='lat' dir='ltr'><strong>potentiam</strong></span> <span class='ocrx_word' id='word_1_130' title='bbox 1916 2174 2090 2261; x_wconf 91' lang='lat' dir='ltr'><strong>apud</strong></span> 
     </span>
     <span class='ocr_line' id='line_1_20' title="bbox 256 2264 2087 2364; baseline 0.001 -24"><span class='ocrx_word' id='word_1_131' title='bbox 256 2298 492 2359; x_wconf 90' lang='lat' dir='ltr'><strong>unum,</strong></span> <span class='ocrx_word' id='word_1_132' title='bbox 554 2278 774 2341; x_wconf 89' lang='lat' dir='ltr'><strong>odium</strong></span> <span class='ocrx_word' id='word_1_133' title='bbox 833 2277 1005 2363; x_wconf 83' lang='lat' dir='ltr'><strong>apud</strong></span> <span class='ocrx_word' id='word_1_134' title='bbox 1055 2280 1261 2342; x_wconf 90' lang='lat' dir='ltr'><strong>omnis</strong></span> <span class='ocrx_word' id='word_1_135' title='bbox 1320 2264 1594 2364; x_wconf 83' lang='lat' dir='ltr'><strong>adeptus</strong></span> <span class='ocrx_word' id='word_1_136' title='bbox 1642 2278 1821 2343; x_wconf 87' lang='lat' dir='ltr'><strong>dedit</strong></span> <span class='ocrx_word' id='word_1_137' title='bbox 1867 2300 2087 2343; x_wconf 81' lang='lat' dir='ltr'><strong>exem-</strong></span> 
     </span>
     <span class='ocr_line' id='line_1_21' title="bbox 257 2380 2161 2468; baseline 0.002 -26"><span class='ocrx_word' id='word_1_138' title='bbox 257 2380 463 2466; x_wconf 84' lang='lat' dir='ltr'><strong>plum,</strong></span> <span class='ocrx_word' id='word_1_139' title='bbox 508 2382 684 2467; x_wconf 89' lang='lat' dir='ltr'><strong>quod</strong></span> <span class='ocrx_word' id='word_1_140' title='bbox 731 2382 934 2447; x_wconf 89' lang='lat' dir='ltr'><strong>secuti</strong></span> <span class='ocrx_word' id='word_1_141' title='bbox 967 2404 1051 2448; x_wconf 88' lang='lat' dir='ltr'><strong>ex</strong></span> <span class='ocrx_word' id='word_1_142' title='bbox 1095 2384 1487 2468; x_wconf 88' lang='lat' dir='ltr'><strong>pauperibus</strong></span> <span class='ocrx_word' id='word_1_143' title='bbox 1522 2383 1773 2465; x_wconf 87' lang='lat' dir='ltr'><strong>divites,</strong></span> <span class='ocrx_word' id='word_1_144' title='bbox 1822 2404 1907 2446; x_wconf 82' lang='lat' dir='ltr'><strong>ex</strong></span> <span class='ocrx_word' id='word_1_145' title='bbox 1939 2400 2161 2447; x_wconf 91' lang='lat' dir='ltr'><strong>con-10</strong></span> 
     </span>
     <span class='ocr_line' id='line_1_22' title="bbox 257 2485 2092 2571; baseline 0.001 -22"><span class='ocrx_word' id='word_1_146' title='bbox 257 2485 526 2570; x_wconf 88' lang='lat' dir='ltr'><strong>temptis</strong></span> <span class='ocrx_word' id='word_1_147' title='bbox 581 2486 914 2549; x_wconf 88' lang='lat' dir='ltr'><strong>metuendi</strong></span> <span class='ocrx_word' id='word_1_148' title='bbox 971 2486 1323 2571; x_wconf 91' lang='lat' dir='ltr'><strong>perniciem</strong></span> <span class='ocrx_word' id='word_1_149' title='bbox 1371 2488 1510 2550; x_wconf 87' lang='lat' dir='ltr'><strong>aliis</strong></span> <span class='ocrx_word' id='word_1_150' title='bbox 1558 2508 1630 2550; x_wconf 92' lang='lat' dir='ltr'><strong>ac</strong></span> <span class='ocrx_word' id='word_1_151' title='bbox 1694 2492 2092 2571; x_wconf 90' lang='lat' dir='ltr'><strong>postremum</strong></span> 
     </span>
     <span class='ocr_line' id='line_1_23' title="bbox 260 2589 2091 2656; baseline 0 -3"><span class='ocrx_word' id='word_1_152' title='bbox 260 2589 386 2653; x_wconf 88' lang='lat' dir='ltr'><strong>sibi</strong></span> <span class='ocrx_word' id='word_1_153' title='bbox 430 2590 756 2654; x_wconf 85' lang='lat' dir='ltr'><strong>invenere.</strong></span> <span class='ocrx_word' id='word_1_154' title='bbox 818 2590 1064 2656; x_wconf 90' lang='lat' dir='ltr'><strong>scilieet</strong></span> <span class='ocrx_word' id='word_1_155' title='bbox 1090 2590 1466 2655; x_wconf 86' lang='lat' dir='ltr'><strong>Marcellum</strong></span> <span class='ocrx_word' id='word_1_156' title='bbox 1498 2591 1908 2655; x_wconf 87' lang='lat' dir='ltr'><strong>insimulabat</strong></span> <span class='ocrx_word' id='word_1_157' title='bbox 1939 2590 2091 2653; x_wconf 89' lang='lat' dir='ltr'><strong>sini-</strong></span> 
     </span>
     <span class='ocr_line' id='line_1_24' title="bbox 259 2692 2091 2779; baseline 0.001 -22"><span class='ocrx_word' id='word_1_158' title='bbox 259 2698 431 2757; x_wconf 89' lang='lat' dir='ltr'><strong>stros</strong></span> <span class='ocrx_word' id='word_1_159' title='bbox 479 2692 559 2757; x_wconf 92' lang='lat' dir='ltr'><strong>de</strong></span> <span class='ocrx_word' id='word_1_160' title='bbox 605 2694 864 2759; x_wconf 86' lang='lat' dir='ltr'><strong>Tiberio</strong></span> <span class='ocrx_word' id='word_1_161' title='bbox 927 2716 1261 2759; x_wconf 92' lang='lat' dir='ltr'><strong>sermones</strong></span> <span class='ocrx_word' id='word_1_162' title='bbox 1318 2696 1654 2779; x_wconf 80' lang='lat' dir='ltr'><strong>habuisse,</strong></span> <span class='ocrx_word' id='word_1_163' title='bbox 1721 2695 2091 2759; x_wconf 86' lang='lat' dir='ltr'><strong>inevitabile</strong></span> 
     </span>
     <span class='ocr_line' id='line_1_25' title="bbox 259 2798 2091 2884; baseline 0.002 -23"><span class='ocrx_word' id='word_1_164' title='bbox 259 2798 528 2881; x_wconf 81' lang='lat' dir='ltr'><strong>crimen,</strong></span> <span class='ocrx_word' id='word_1_165' title='bbox 573 2819 718 2862; x_wconf 91' lang='lat' dir='ltr'><strong>eum</strong></span> <span class='ocrx_word' id='word_1_166' title='bbox 751 2820 838 2863; x_wconf 83' lang='lat' dir='ltr'><strong>ex</strong></span> <span class='ocrx_word' id='word_1_167' title='bbox 867 2800 1155 2863; x_wconf 89' lang='lat' dir='ltr'><strong>moribus</strong></span> <span class='ocrx_word' id='word_1_168' title='bbox 1194 2799 1571 2865; x_wconf 88' lang='lat' dir='ltr'><strong>foedissima</strong></span> <span class='ocrx_word' id='word_1_169' title='bbox 1602 2820 1894 2884; x_wconf 88' lang='lat' dir='ltr'><strong>quaeque</strong></span> <span class='ocrx_word' id='word_1_170' title='bbox 1930 2800 2091 2864; x_wconf 91' lang='lat' dir='ltr'><strong>deli-</strong></span> 
     </span>
     <span class='ocr_line' id='line_1_26' title="bbox 259 2900 2162 2988; baseline -0.003 -20"><span class='ocrx_word' id='word_1_171' title='bbox 259 2909 449 2988; x_wconf 87' lang='lat' dir='ltr'><strong>geret</strong></span> <span class='ocrx_word' id='word_1_172' title='bbox 478 2900 812 2967; x_wconf 88' lang='lat' dir='ltr'><strong>aceusator</strong></span> <span class='ocrx_word' id='word_1_173' title='bbox 844 2904 1325 2987; x_wconf 87' lang='lat' dir='ltr'><strong>obiectaretque</strong></span> <span class='ocrx_word' id='word_1_174' title='bbox 1356 2924 1489 2967; x_wconf 93' lang='lat' dir='ltr'><strong>reo.</strong></span> <span class='ocrx_word' id='word_1_175' title='bbox 1559 2925 1708 2966; x_wconf 90' lang='lat' dir='ltr'><strong>nam</strong></span> <span class='ocrx_word' id='word_1_176' title='bbox 1739 2903 1889 2987; x_wconf 91' lang='lat' dir='ltr'><strong>quia</strong></span> <span class='ocrx_word' id='word_1_177' title='bbox 1916 2925 2162 2985; x_wconf 78' lang='lat' dir='ltr'><strong>vera,15</strong></span> 
     </span>
     <span class='ocr_line' id='line_1_27' title="bbox 260 3005 2095 3092; baseline -0.001 -22"><span class='ocrx_word' id='word_1_178' title='bbox 260 3007 462 3070; x_wconf 90' lang='lat' dir='ltr'><strong>etiam</strong></span> <span class='ocrx_word' id='word_1_179' title='bbox 510 3005 682 3070; x_wconf 90' lang='lat' dir='ltr'><strong>dicta</strong></span> <span class='ocrx_word' id='word_1_180' title='bbox 725 3006 1172 3073; x_wconf 83' lang='lat' dir='ltr'><strong>credebantur.</strong></span> <span class='ocrx_word' id='word_1_181' title='bbox 1264 3006 1515 3070; x_wconf 89' lang='lat' dir='ltr'><strong>addidit</strong></span> <span class='ocrx_word' id='word_1_182' title='bbox 1558 3007 1767 3092; x_wconf 90' lang='lat' dir='ltr'><strong>Hispo</strong></span> <span class='ocrx_word' id='word_1_183' title='bbox 1818 3011 2095 3071; x_wconf 91' lang='lat' dir='ltr'><strong>statuam</strong></span> 
     </span>
     <span class='ocr_line' id='line_1_28' title="bbox 258 3110 2096 3194; baseline -0.001 -20"><span class='ocrx_word' id='word_1_184' title='bbox 258 3110 554 3175; x_wconf 86' lang='lat' dir='ltr'><strong>Marcelli</strong></span> <span class='ocrx_word' id='word_1_185' title='bbox 600 3111 790 3174; x_wconf 89' lang='lat' dir='ltr'><strong>altius</strong></span> <span class='ocrx_word' id='word_1_186' title='bbox 839 3132 1029 3194; x_wconf 88' lang='lat' dir='ltr'><strong>quam</strong></span> <span class='ocrx_word' id='word_1_187' title='bbox 1081 3112 1431 3177; x_wconf 80' lang='lat' dir='ltr'><strong>Caesarum</strong></span> <span class='ocrx_word' id='word_1_188' title='bbox 1476 3112 1663 3175; x_wconf 86' lang='lat' dir='ltr'><strong>sitam</strong></span> <span class='ocrx_word' id='word_1_189' title='bbox 1722 3117 1787 3175; x_wconf 86' lang='lat' dir='ltr'><strong>et</strong></span> <span class='ocrx_word' id='word_1_190' title='bbox 1845 3112 1971 3174; x_wconf 88' lang='lat' dir='ltr'><strong>alia</strong></span> <span class='ocrx_word' id='word_1_191' title='bbox 2027 3110 2096 3173; x_wconf 91' lang='lat' dir='ltr'><strong>in</strong></span> 
     </span>
     <span class='ocr_line' id='line_1_29' title="bbox 259 3213 2096 3301; baseline -0.001 -24"><span class='ocrx_word' id='word_1_192' title='bbox 259 3219 472 3277; x_wconf 89' lang='lat' dir='ltr'><strong>statua</strong></span> <span class='ocrx_word' id='word_1_193' title='bbox 529 3220 860 3299; x_wconf 86' lang='lat' dir='ltr'><strong>amputato</strong></span> <span class='ocrx_word' id='word_1_194' title='bbox 923 3216 1133 3300; x_wconf 93' lang='lat' dir='ltr'><strong>capite</strong></span> <span class='ocrx_word' id='word_1_195' title='bbox 1179 3215 1457 3301; x_wconf 84' lang='lat' dir='ltr'><strong>Augusti</strong></span> <span class='ocrx_word' id='word_1_196' title='bbox 1525 3215 1807 3300; x_wconf 85' lang='lat' dir='ltr'><strong>effigiem</strong></span> <span class='ocrx_word' id='word_1_197' title='bbox 1851 3213 2096 3277; x_wconf 86' lang='lat' dir='ltr'><strong>Tiberii</strong></span> 
     </span>
     <span class='ocr_line' id='line_1_30' title="bbox 259 3317 2091 3405; baseline -0.001 -22"><span class='ocrx_word' id='word_1_198' title='bbox 259 3319 551 3383; x_wconf 89' lang='lat' dir='ltr'><strong>inditam.</strong></span> <span class='ocrx_word' id='word_1_199' title='bbox 643 3319 728 3382; x_wconf 88' lang='lat' dir='ltr'><strong>ad</strong></span> <span class='ocrx_word' id='word_1_200' title='bbox 759 3317 934 3402; x_wconf 89' lang='lat' dir='ltr'><strong>quod</strong></span> <span class='ocrx_word' id='word_1_201' title='bbox 972 3320 1214 3383; x_wconf 88' lang='lat' dir='ltr'><strong>exarsit</strong></span> <span class='ocrx_word' id='word_1_202' title='bbox 1260 3319 1447 3401; x_wconf 89' lang='lat' dir='ltr'><strong>ade0,</strong></span> <span class='ocrx_word' id='word_1_203' title='bbox 1492 3325 1565 3382; x_wconf 93' lang='lat' dir='ltr'><strong>ut</strong></span> <span class='ocrx_word' id='word_1_204' title='bbox 1594 3324 1785 3405; x_wconf 89' lang='lat' dir='ltr'><strong>rupta</strong></span> <span class='ocrx_word' id='word_1_205' title='bbox 1830 3318 2091 3383; x_wconf 88' lang='lat' dir='ltr'><strong>tacitur-</strong></span> 
     </span>
     <span class='ocr_line' id='line_1_31' title="bbox 259 3423 2162 3509; baseline 0.001 -22"><span class='ocrx_word' id='word_1_206' title='bbox 259 3425 459 3488; x_wconf 88' lang='lat' dir='ltr'><strong>nitate</strong></span> <span class='ocrx_word' id='word_1_207' title='bbox 493 3423 922 3509; x_wconf 87' lang='lat' dir='ltr'><strong>proclamaret</strong></span> <span class='ocrx_word' id='word_1_208' title='bbox 954 3444 1023 3487; x_wconf 93' lang='lat' dir='ltr'><strong>se</strong></span> <span class='ocrx_word' id='word_1_209' title='bbox 1056 3443 1313 3507; x_wconf 91' lang='lat' dir='ltr'><strong>quoque</strong></span> <span class='ocrx_word' id='word_1_210' title='bbox 1362 3423 1427 3486; x_wconf 92' lang='lat' dir='ltr'><strong>in</strong></span> <span class='ocrx_word' id='word_1_211' title='bbox 1468 3444 1547 3487; x_wconf 90' lang='lat' dir='ltr'><strong>ea</strong></span> <span class='ocrx_word' id='word_1_212' title='bbox 1578 3444 1768 3488; x_wconf 89' lang='lat' dir='ltr'><strong>causa</strong></span> <span class='ocrx_word' id='word_1_213' title='bbox 1813 3424 2090 3488; x_wconf 85' lang='lat' dir='ltr'><strong>laturum</strong></span> <span class='ocrx_word' id='word_1_214' title='bbox 2111 3450 2162 3489; x_wconf 81' lang='lat'><strong>20</strong></span> 
     </span>
    </p>
   </div>
  </div>
 </body>
</html>
