2467 3900
667 197 742 236 AB
769 197 1021 237 EXCESSU
1050 195 1179 236 D1V1
1205 193 1463 234 AUGUSTI
1489 193 1511 232 1
1539 193 1709 233 81—33.
2027 185 2100 241 25

270 363 461 436 cant,
545 358 856 440 sexageni
931 357 1255 441 singulos,
1338 361 1412 419 ut
1486 375 1822 419 numerum
1906 349 2098 415 adae-

268 468 581 546 quarent:
658 468 792 526 tum
858 460 1199 526 convulsos
1266 461 1667 542 laniatosque
1731 463 1795 521 et
1866 456 2097 538 partim

276 566 612 631 exanimos
673 573 820 629 ante
877 565 1117 628 vallum
1179 572 1290 628 aut
1361 565 1427 627 in
1486 582 1742 627 amnem
1798 560 2099 624 Rhenum

270 669 616 753 proiciunt.
693 668 1043 752 Septimius
1091 690 1235 733 cum
1281 667 1672 753 perfugisset
1702 665 1785 730 ad
1824 664 2100 729 tribunal

269 771 679 856 pedibusque
710 771 1030 836 Caecinae
1063 771 1539 849 advolveretur,
1574 791 1652 835 eo
1685 790 1888 853 usque
1918 767 2100 851 flagi·
2122 788 2169 827 ιο

267 881 445 939 tatus
493 881 622 958 est,
680 875 887 941 donec
934 876 1016 940 ad
1063 877 1335 940 exitium
1382 862 1748 940 dederetur.
1843 874 2101 939 Cassius

274 979 590 1060 Chaerea,
624 1001 782 1042 mox
816 979 1016 1045 caede
1051 978 1172 1043 Gai
1200 979 1492 1044 Caesaris
1522 979 1896 1043 memoriam
1930 975 2101 1062 apud

269 1089 576 1166 posteros
607 1083 900 1170 adeptuS,
947 1090 1085 1148 tum
1115 1084 1497 1148 adulescens
1541 1089 1607 1146 et
1651 1082 1848 1145 animi
1892 1081 2100 1160 ferox,

259 1187 446 1262 'inter
493 1188 822 1254 obstantes
884 1194 949 1252 et
1001 1195 1283 1253 armatos
1344 1187 1511 1252 ferro
1559 1187 1728 1250 viam
1774 1184 2100 1270 patefecit.

270 1311 410 1354 non
457 1292 748 1357 tribunus
793 1293 978 1375 ultra,
1025 1314 1156 1358 non
1197 1300 1551 1358 castrorum
1594 1291 1957 1377 praefectus
2003 1291 2101 1354 ius
2123 1312 2172 1351 15

273 1395 592 1462 obtinuit:
668 1399 923 1481 vigilias
985 1399 1295 1464 stationes
1356 1405 1421 1463 et
1492 1399 1673 1483 siqua
1732 1383 1857 1462 alia
1917 1417 2103 1481 prae-

268 1521 426 1564 sens
484 1523 638 1564 usus
697 1501 1022 1566 indixerat
1079 1503 1203 1587 ipsi
1258 1502 1717 1586 partiebantur.
1806 1501 1873 1565 id
1939 1501 2105 1564 mili-

269 1613 448 1670 tares
495 1607 744 1671 animos
773 1606 964 1671 altius
997 1607 1505 1673 coniectantibus
1548 1607 1966 1692 praecipuum
2006 1605 2101 1667 in-

273 1710 523 1776 dicium
548 1712 766 1795 magni
790 1716 980 1796 atque
1009 1711 1408 1797 inplacabilis
1430 1719 1666 1794 motus,
1686 1709 1861 1796 quod
1892 1731 2102 1794 neque

279 1815 536 1879 disiecti
585 1823 684 1878 set
736 1815 977 1900 pariter
1025 1815 1467 1896 ardescerent,
1530 1817 1772 1899 pariter
1820 1813 2103 1900 silerent,
2123 1840 2174 1879 20

267 1925 455 1984 tanta
499 1920 890 2004 aequalitate
938 1925 1006 1985 et
1053 1920 1431 2003 constantia,
1477 1927 1549 1984 ut
1592 1919 1728 2004 regi
1779 1918 2099 1983 crederes·

409 2025 510 2088 33.
573 2022 835 2089 Interea
883 2022 1433 2108 Germanicoper
1482 2022 1757 2106 Gallias,
1815 2027 1889 2085 ut
1934 2021 2101 2084 dixi-

269 2149 456 2209 mus,
503 2149 734 2191 census
779 2127 1121 2212 accipienti
1169 2129 1525 2193 excessisse
1571 2126 1938 2209 Augustum
1986 2125 2098 2192 ad-

267 2232 500 2295 fertur.
588 2237 854 2316 neptem
902 2232 1040 2295 eius
1087 2232 1516 2318 Agrippinam
1575 2233 1639 2295 in
1689 2230 2098 2296 matrimonio

277 2335 624 2418 pluresque
658 2357 743 2399 ex
775 2356 855 2399 ea
880 2335 1120 2400 liberos
1151 2335 1450 2419 habebat,
1486 2338 1626 2421 ipse
1655 2335 1872 2400 Druso
1905 2336 2101 2399 fratre

267 2436 521 2502 Tiberii
551 2440 827 2523 genitus,
871 2437 1208 2522 Augustae
1242 2462 1467 2526 nepos,
1501 2448 1599 2506 set
1630 2440 1857 2505 anxius
1890 2441 2101 2505 occul·
2122 2465 2145 2503 5

270 2542 362 2606 tis
409 2543 476 2607 in
521 2564 591 2607 se
649 2544 861 2628 patrui
921 2544 1232 2629 aviaeque
1294 2545 1490 2628 odiis,
1538 2567 1813 2630 quorum
1872 2566 2101 2609 causae

268 2646 582 2729 acriores,
628 2648 779 2731 quia
809 2648 1088 2732 iniquae.
1169 2649 1407 2735 quippe
1439 2649 1634 2714 Drusi
1670 2671 1903 2733 magna
1932 2650 2102 2734 apud

273 2748 593 2834 populum
649 2751 1018 2816 Romanum
1073 2755 1387 2818 memoria
1446 2755 1987 2839 credebaturque,
2051 2756 2103 2819 si

269 2876 497 2921 rerum
541 2856 786 2940 potitus
831 2857 1018 2940 foret,
1063 2858 1431 2923 libertatem
1467 2859 1870 2942 redditurus3
1929 2861 2102 2924 unde

272 2960 348 3023 in
381 2961 834 3043 Germanicum
881 2960 1064 3025 favor
1095 2966 1161 3025 et
1203 2983 1351 3045 spes
1383 2963 1631 3027 eadem.
1705 2985 1853 3029 nam
1884 2964 2105 3028 iuveni
2126 2983 2173 3021 10

272 3065 472 3127 civile
503 3064 856 3147 ingenium,
887 3065 1052 3128 mira
1082 3067 1351 3131 comitas
1384 3076 1449 3131 et
1475 3068 1731 3133 diversa
1761 3069 1840 3134 ab
1864 3068 2105 3132 Tiberii

271 3186 581 3231 sermone
641 3168 822 3232 vultu
881 3167 1345 3252 adrogantibus
1406 3178 1471 3235 et
1528 3172 1834 3237 obscuris.
1925 3192 2105 3237 acce-

277 3269 524 3333 debant
567 3272 914 3336 muliebres
962 3274 1355 3339 offensiones
1402 3277 1849 3340 novercalibus
1878 3276 2103 3339 Liviae

272 3374 348 3437 in
410 3372 835 3459 Agrippinam
907 3377 1214 3461 stimulis,
1282 3386 1473 3463 atque
1539 3380 1677 3463 ipsa
1742 3379 2106 3466 Agrippina

387 3485 626 3525 Cornelius
654 3488 855 3527 Tacitus.
909 3489 944 3527 I.
1764 3486 1793 3533 2
