<?xml version="1.0" encoding="UTF-8"?>
<!DOCTYPE html PUBLIC "-//W3C//DTD XHTML 1.0 Transitional//EN"
    "http://www.w3.org/TR/xhtml1/DTD/xhtml1-transitional.dtd">
<html xmlns="http://www.w3.org/1999/xhtml" xml:lang="en" lang="en">
 <head>
  <title>
</title>
<meta http-equiv="Content-Type" content="text/html;charset=utf-8" />
  <meta name='ocr-system' content='tesseract 3.04.00' />
  <meta name='ocr-capabilities' content='ocr_page ocr_carea ocr_par ocr_line ocrx_word'/>
</head>
<body>
  <div class='ocr_page' id='page_1' title='image "./corneliitacitia00gitlgoog_0244.png"; bbox 0 0 2467 3900; ppageno 0'>
   <div class='ocr_carea' id='block_1_1' title="bbox 319 240 1481 312">
    <p class='ocr_par' dir='ltr' id='par_1_1' title="bbox 319 240 1481 312">
     <span class='ocr_line' id='line_1_1' title="bbox 319 240 1481 312; baseline -0.009 -17"><span class='ocrx_word' id='word_1_1' title='bbox 319 240 434 297; x_wconf 86' lang='lat'>232</span> <span class='ocrx_word' id='word_1_2' title='bbox 483 303 492 312; x_wconf 52' lang='lat'>‚</span> <span class='ocrx_word' id='word_1_3' title='bbox 982 247 1260 288; x_wconf 70' lang='lat' dir='ltr'>columna</span> <span class='ocrx_word' id='word_1_4' title='bbox 1284 247 1481 286; x_wconf 69' lang='lat' dir='ltr'>‘mmm</span> 
     </span>
    </p>
   </div>
   <div class='ocr_carea' id='block_1_2' title="bbox 252 404 2167 3507">
    <p class='ocr_par' dir='ltr' id='par_1_2' title="bbox 252 404 2145 905">
     <span class='ocr_line' id='line_1_2' title="bbox 252 404 2143 490; baseline -0.001 -20"><span class='ocrx_word' id='word_1_5' title='bbox 252 425 302 464; x_wconf 89' lang='lat'>10</span> <span class='ocrx_word' id='word_1_6' title='bbox 323 405 489 490; x_wconf 89' lang='lat' dir='ltr'>cipia</span> <span class='ocrx_word' id='word_1_7' title='bbox 533 411 599 471; x_wconf 86' lang='lat' dir='ltr'>et</span> <span class='ocrx_word' id='word_1_8' title='bbox 657 427 864 472; x_wconf 86' lang='lat' dir='ltr'>nexus</span> <span class='ocrx_word' id='word_1_9' title='bbox 921 404 1309 471; x_wconf 80' lang='lat' dir='ltr'><strong>naturalium</strong></span> <span class='ocrx_word' id='word_1_10' title='bbox 1356 423 1724 484; x_wconf 82' lang='lat' dir='ltr'>causarum3</span> <span class='ocrx_word' id='word_1_11' title='bbox 1788 424 1864 468; x_wconf 89' lang='lat' dir='ltr'>ac</span> <span class='ocrx_word' id='word_1_12' title='bbox 1923 409 2143 470; x_wconf 88' lang='lat' dir='ltr'>tamen</span> 
     </span>
     <span class='ocr_line' id='line_1_3' title="bbox 323 507 2143 592; baseline -0.001 -18"><span class='ocrx_word' id='word_1_13' title='bbox 323 512 706 577; x_wconf 76' lang='lat' dir='ltr'>electionem</span> <span class='ocrx_word' id='word_1_14' title='bbox 752 511 926 575; x_wconf 83' lang='lat' dir='ltr'>vitae</span> <span class='ocrx_word' id='word_1_15' title='bbox 970 509 1157 575; x_wconf 90' lang='lat' dir='ltr'>nobis</span> <span class='ocrx_word' id='word_1_16' title='bbox 1202 509 1589 592; x_wconf 90' lang='lat' dir='ltr'>relinquunt,</span> <span class='ocrx_word' id='word_1_17' title='bbox 1636 528 1827 591; x_wconf 91' lang='lat' dir='ltr'>quam</span> <span class='ocrx_word' id='word_1_18' title='bbox 1864 507 1979 572; x_wconf 92' lang='lat' dir='ltr'>ubi</span> <span class='ocrx_word' id='word_1_19' title='bbox 2008 509 2143 574; x_wconf 90' lang='lat' dir='ltr'>ele-</span> 
     </span>
     <span class='ocr_line' id='line_1_4' title="bbox 322 611 2144 700; baseline -0.002 -20"><span class='ocrx_word' id='word_1_20' title='bbox 322 615 514 700; x_wconf 83' lang='lat' dir='ltr'>geris,</span> <span class='ocrx_word' id='word_1_21' title='bbox 560 622 805 680; x_wconf 90' lang='lat' dir='ltr'>certum</span> <span class='ocrx_word' id='word_1_22' title='bbox 837 613 1308 678; x_wconf 89' lang='lat' dir='ltr'>imminentium</span> <span class='ocrx_word' id='word_1_23' title='bbox 1342 611 1656 677; x_wconf 87' lang='lat' dir='ltr'>ordinem.</span> <span class='ocrx_word' id='word_1_24' title='bbox 1730 632 1942 696; x_wconf 89' lang='lat' dir='ltr'>neque</span> <span class='ocrx_word' id='word_1_25' title='bbox 1974 613 2144 677; x_wconf 90' lang='lat' dir='ltr'>mala</span> 
     </span>
     <span class='ocr_line' id='line_1_5' title="bbox 321 716 2145 805; baseline -0.002 -22"><span class='ocrx_word' id='word_1_26' title='bbox 321 720 428 783; x_wconf 82' lang='lat' dir='ltr'>vel</span> <span class='ocrx_word' id='word_1_27' title='bbox 482 721 657 784; x_wconf 88' lang='lat' dir='ltr'>bona</span> <span class='ocrx_word' id='word_1_28' title='bbox 712 739 874 805; x_wconf 88' lang='lat' dir='ltr'>quae</span> <span class='ocrx_word' id='word_1_29' title='bbox 931 719 1164 800; x_wconf 84' lang='lat' dir='ltr'>vulgus</span> <span class='ocrx_word' id='word_1_30' title='bbox 1214 722 1431 801; x_wconf 89' lang='lat' dir='ltr'>putet:</span> <span class='ocrx_word' id='word_1_31' title='bbox 1492 716 1761 800; x_wconf 90' lang='lat' dir='ltr'>multos,</span> <span class='ocrx_word' id='word_1_32' title='bbox 1821 716 1931 800; x_wconf 92' lang='lat' dir='ltr'>qui</span> <span class='ocrx_word' id='word_1_33' title='bbox 1990 738 2145 782; x_wconf 89' lang='lat' dir='ltr'>con-</span> 
     </span>
     <span class='ocr_line' id='line_1_6' title="bbox 321 820 2144 905; baseline -0.001 -19"><span class='ocrx_word' id='word_1_34' title='bbox 321 823 548 888; x_wconf 87' lang='lat' dir='ltr'>flictari</span> <span class='ocrx_word' id='word_1_35' title='bbox 594 822 882 888; x_wconf 86' lang='lat' dir='ltr'>adversis</span> <span class='ocrx_word' id='word_1_36' title='bbox 939 822 1313 903; x_wconf 83' lang='lat' dir='ltr'>videantur,</span> <span class='ocrx_word' id='word_1_37' title='bbox 1368 821 1628 902; x_wconf 76' lang='lat' dir='ltr'>beatOS,</span> <span class='ocrx_word' id='word_1_38' title='bbox 1688 827 1754 885; x_wconf 85' lang='lat' dir='ltr'>at</span> <span class='ocrx_word' id='word_1_39' title='bbox 1798 820 2144 905; x_wconf 88' lang='lat' dir='ltr'>plerosque</span> 
     </span>
    </p>

    <p class='ocr_par' dir='ltr' id='par_1_3' title="bbox 256 924 2149 1426">
     <span class='ocr_line' id='line_1_7' title="bbox 256 924 2146 1013; baseline -0.001 -22"><span class='ocrx_word' id='word_1_40' title='bbox 256 944 307 982; x_wconf 75' lang='lat'>15</span> <span class='ocrx_word' id='word_1_41' title='bbox 325 948 704 1013; x_wconf 89' lang='lat' dir='ltr'>quamquam</span> <span class='ocrx_word' id='word_1_42' title='bbox 765 947 1027 1012; x_wconf 88' lang='lat' dir='ltr'>magnas</span> <span class='ocrx_word' id='word_1_43' title='bbox 1086 947 1205 1011; x_wconf 91' lang='lat' dir='ltr'>per</span> <span class='ocrx_word' id='word_1_44' title='bbox 1251 945 1409 1009; x_wconf 86' lang='lat' dir='ltr'>opes</span> <span class='ocrx_word' id='word_1_45' title='bbox 1452 925 1873 1007; x_wconf 86' lang='lat' dir='ltr'>miserrimos,</span> <span class='ocrx_word' id='word_1_46' title='bbox 1928 924 1991 987; x_wconf 86' lang='lat' dir='ltr'>si</span> <span class='ocrx_word' id='word_1_47' title='bbox 2049 924 2146 990; x_wconf 78' lang='lat' dir='ltr'>iffi</span> 
     </span>
     <span class='ocr_line' id='line_1_8' title="bbox 325 1028 2148 1116; baseline -0.001 -21"><span class='ocrx_word' id='word_1_48' title='bbox 325 1052 589 1116; x_wconf 83' lang='lat' dir='ltr'>gravem</span> <span class='ocrx_word' id='word_1_49' title='bbox 633 1031 952 1095; x_wconf 90' lang='lat' dir='ltr'>fortunam</span> <span class='ocrx_word' id='word_1_50' title='bbox 999 1033 1368 1093; x_wconf 79' lang='lat' dir='ltr'>constanter</span> <span class='ocrx_word' id='word_1_51' title='bbox 1397 1029 1695 1109; x_wconf 90' lang='lat' dir='ltr'>tolerent,</span> <span class='ocrx_word' id='word_1_52' title='bbox 1738 1028 1805 1091; x_wconf 91' lang='lat' dir='ltr'>hi</span> <span class='ocrx_word' id='word_1_53' title='bbox 1836 1049 2148 1114; x_wconf 85' lang='lat' dir='ltr'>prospera</span> 
     </span>
     <span class='ocr_line' id='line_1_9' title="bbox 325 1132 2145 1217; baseline -0.001 -19"><span class='ocrx_word' id='word_1_54' title='bbox 325 1135 684 1200; x_wconf 82' lang='lat' dir='ltr'>inconsulte</span> <span class='ocrx_word' id='word_1_55' title='bbox 730 1141 1011 1199; x_wconf 87' lang='lat' dir='ltr'>utantur.</span> <span class='ocrx_word' id='word_1_56' title='bbox 1103 1140 1390 1197; x_wconf 89' lang='lat' dir='ltr'>ceterum</span> <span class='ocrx_word' id='word_1_57' title='bbox 1435 1132 1729 1217; x_wconf 84' lang='lat' dir='ltr'>plurimis</span> <span class='ocrx_word' id='word_1_58' title='bbox 1776 1132 2145 1197; x_wconf 79' lang='lat' dir='ltr'>mortalium</span> 
     </span>
     <span class='ocr_line' id='line_1_10' title="bbox 324 1237 2148 1325; baseline -0.002 -21"><span class='ocrx_word' id='word_1_59' title='bbox 324 1261 458 1304; x_wconf 90' lang='lat' dir='ltr'>non</span> <span class='ocrx_word' id='word_1_60' title='bbox 502 1241 808 1304; x_wconf 82' lang='lat' dir='ltr'>eximitur</span> <span class='ocrx_word' id='word_1_61' title='bbox 853 1240 1006 1325; x_wconf 90' lang='lat' dir='ltr'>quin</span> <span class='ocrx_word' id='word_1_62' title='bbox 1047 1239 1256 1323; x_wconf 91' lang='lat' dir='ltr'>primo</span> <span class='ocrx_word' id='word_1_63' title='bbox 1319 1237 1627 1320; x_wconf 89' lang='lat' dir='ltr'>cuiusque</span> <span class='ocrx_word' id='word_1_64' title='bbox 1684 1239 1829 1299; x_wconf 89' lang='lat' dir='ltr'>ortu</span> <span class='ocrx_word' id='word_1_65' title='bbox 1873 1243 2148 1300; x_wconf 83' lang='lat' dir='ltr'>ventura</span> 
     </span>
     <span class='ocr_line' id='line_1_11' title="bbox 329 1339 2149 1426; baseline -0.002 -20"><span class='ocrx_word' id='word_1_66' title='bbox 329 1343 763 1425; x_wconf 82' lang='lat' dir='ltr'>destinentur,</span> <span class='ocrx_word' id='word_1_67' title='bbox 809 1343 926 1408; x_wconf 87' lang='lat' dir='ltr'>sed</span> <span class='ocrx_word' id='word_1_68' title='bbox 975 1341 1295 1426; x_wconf 83' lang='lat' dir='ltr'>quaedam</span> <span class='ocrx_word' id='word_1_69' title='bbox 1339 1361 1523 1404; x_wconf 89' lang='lat' dir='ltr'>secus</span> <span class='ocrx_word' id='word_1_70' title='bbox 1569 1360 1759 1423; x_wconf 89' lang='lat' dir='ltr'>quam</span> <span class='ocrx_word' id='word_1_71' title='bbox 1806 1340 1977 1404; x_wconf 84' lang='lat' dir='ltr'>dicta</span> <span class='ocrx_word' id='word_1_72' title='bbox 2020 1339 2149 1404; x_wconf 89' lang='lat' dir='ltr'>sint</span> 
     </span>
    </p>

    <p class='ocr_par' dir='ltr' id='par_1_4' title="bbox 257 1443 2149 1945">
     <span class='ocr_line' id='line_1_12' title="bbox 257 1443 2148 1532; baseline -0.002 -22"><span class='ocrx_word' id='word_1_73' title='bbox 257 1472 310 1510; x_wconf 86' lang='lat'>20</span> <span class='ocrx_word' id='word_1_74' title='bbox 327 1449 558 1513; x_wconf 89' lang='lat' dir='ltr'>cadere</span> <span class='ocrx_word' id='word_1_75' title='bbox 618 1449 886 1513; x_wconf 87' lang='lat' dir='ltr'>fallaciis</span> <span class='ocrx_word' id='word_1_76' title='bbox 947 1448 1172 1532; x_wconf 86' lang='lat' dir='ltr'>ignara</span> <span class='ocrx_word' id='word_1_77' title='bbox 1231 1444 1617 1509; x_wconf 86' lang='lat' dir='ltr'>dicentium:</span> <span class='ocrx_word' id='word_1_78' title='bbox 1674 1443 1766 1507; x_wconf 88' lang='lat' dir='ltr'>ita</span> <span class='ocrx_word' id='word_1_79' title='bbox 1824 1445 2148 1528; x_wconf 86' lang='lat' dir='ltr'>corrumpi</span> 
     </span>
     <span class='ocr_line' id='line_1_13' title="bbox 323 1549 2149 1632; baseline -0.002 -17"><span class='ocrx_word' id='word_1_80' title='bbox 323 1552 519 1616; x_wconf 89' lang='lat' dir='ltr'>fidem</span> <span class='ocrx_word' id='word_1_81' title='bbox 588 1552 775 1626; x_wconf 80' lang='lat' dir='ltr'>artis,</span> <span class='ocrx_word' id='word_1_82' title='bbox 840 1551 1018 1614; x_wconf 90' lang='lat' dir='ltr'>cuius</span> <span class='ocrx_word' id='word_1_83' title='bbox 1078 1551 1252 1613; x_wconf 88' lang='lat' dir='ltr'>clara</span> <span class='ocrx_word' id='word_1_84' title='bbox 1312 1549 1699 1612; x_wconf 87' lang='lat' dir='ltr'>documenta</span> <span class='ocrx_word' id='word_1_85' title='bbox 1760 1553 1826 1611; x_wconf 88' lang='lat' dir='ltr'>et</span> <span class='ocrx_word' id='word_1_86' title='bbox 1884 1549 2149 1632; x_wconf 88' lang='lat' dir='ltr'>antiqua</span> 
     </span>
     <span class='ocr_line' id='line_1_14' title="bbox 327 1651 2146 1736; baseline -0.003 -16"><span class='ocrx_word' id='word_1_87' title='bbox 327 1663 504 1720; x_wconf 85' lang='lat' dir='ltr'>aetas</span> <span class='ocrx_word' id='word_1_88' title='bbox 563 1663 630 1719; x_wconf 92' lang='lat' dir='ltr'>et</span> <span class='ocrx_word' id='word_1_89' title='bbox 685 1659 906 1719; x_wconf 88' lang='lat' dir='ltr'>nostra</span> <span class='ocrx_word' id='word_1_90' title='bbox 961 1653 1200 1718; x_wconf 88' lang='lat' dir='ltr'>tulerit.</span> <span class='ocrx_word' id='word_1_91' title='bbox 1288 1652 1525 1736; x_wconf 89' lang='lat' dir='ltr'>quippe</span> <span class='ocrx_word' id='word_1_92' title='bbox 1584 1673 1621 1715; x_wconf 93' lang='lat' dir='ltr'>a</span> <span class='ocrx_word' id='word_1_93' title='bbox 1675 1652 1810 1716; x_wconf 91' lang='lat' dir='ltr'>filio</span> <span class='ocrx_word' id='word_1_94' title='bbox 1856 1651 2146 1716; x_wconf 88' lang='lat' dir='ltr'>eiusdem</span> 
     </span>
     <span class='ocr_line' id='line_1_15' title="bbox 326 1755 2148 1842; baseline -0.002 -20"><span class='ocrx_word' id='word_1_95' title='bbox 326 1758 646 1822; x_wconf 82' lang='lat' dir='ltr'>Thrasulli</span> <span class='ocrx_word' id='word_1_96' title='bbox 705 1756 1104 1842; x_wconf 89' lang='lat' dir='ltr'>praedictum</span> <span class='ocrx_word' id='word_1_97' title='bbox 1149 1755 1431 1820; x_wconf 83' lang='lat' dir='ltr'>Neronis</span> <span class='ocrx_word' id='word_1_98' title='bbox 1485 1755 1828 1839; x_wconf 91' lang='lat' dir='ltr'>imperium</span> <span class='ocrx_word' id='word_1_99' title='bbox 1872 1755 1939 1818; x_wconf 93' lang='lat' dir='ltr'>in</span> <span class='ocrx_word' id='word_1_100' title='bbox 1981 1759 2148 1819; x_wconf 87' lang='lat' dir='ltr'>tem-</span> 
     </span>
     <span class='ocr_line' id='line_1_16' title="bbox 327 1859 2148 1945; baseline 0.001 -20"><span class='ocrx_word' id='word_1_101' title='bbox 327 1882 484 1945; x_wconf 91' lang='lat' dir='ltr'>pore</span> <span class='ocrx_word' id='word_1_102' title='bbox 505 1862 984 1944; x_wconf 87' lang='lat' dir='ltr'>memorabitur,</span> <span class='ocrx_word' id='word_1_103' title='bbox 1009 1883 1092 1925; x_wconf 93' lang='lat' dir='ltr'>ne</span> <span class='ocrx_word' id='word_1_104' title='bbox 1110 1881 1281 1924; x_wconf 89' lang='lat' dir='ltr'>nunc</span> <span class='ocrx_word' id='word_1_105' title='bbox 1299 1861 1559 1944; x_wconf 92' lang='lat' dir='ltr'>incepto</span> <span class='ocrx_word' id='word_1_106' title='bbox 1578 1859 1837 1943; x_wconf 85' lang='lat' dir='ltr'>longius</span> <span class='ocrx_word' id='word_1_107' title='bbox 1858 1859 2148 1926; x_wconf 89' lang='lat' dir='ltr'>abierim.</span> 
     </span>
    </p>

    <p class='ocr_par' dir='ltr' id='par_1_5' title="bbox 325 1964 2151 2363">
     <span class='ocr_line' id='line_1_17' title="bbox 458 1964 2148 2037; baseline 0.001 -8"><span class='ocrx_word' id='word_1_108' title='bbox 458 1968 560 2030; x_wconf 84' lang='lat'>23.</span> <span class='ocrx_word' id='word_1_109' title='bbox 623 1966 842 2032; x_wconf 88' lang='lat' dir='ltr'>Isdem</span> <span class='ocrx_word' id='word_1_110' title='bbox 892 1967 1286 2037; x_wconf 62' lang='lat' dir='ltr'>consulibus„</span> <span class='ocrx_word' id='word_1_111' title='bbox 1305 1965 1518 2031; x_wconf 83' lang='lat' dir='ltr'>Asinii</span> <span class='ocrx_word' id='word_1_112' title='bbox 1566 1964 1737 2028; x_wconf 82' lang='lat' dir='ltr'>Galli</span> <span class='ocrx_word' id='word_1_113' title='bbox 1788 1986 1963 2029; x_wconf 85' lang='lat' dir='ltr'>mors</span> <span class='ocrx_word' id='word_1_114' title='bbox 2007 1968 2148 2031; x_wconf 83' lang='lat' dir='ltr'>vul-</span> 
     </span>
     <span class='ocr_line' id='line_1_18' title="bbox 326 2070 2148 2156; baseline 0.001 -22"><span class='ocrx_word' id='word_1_115' title='bbox 326 2078 545 2155; x_wconf 85' lang='lat' dir='ltr'>gatur,</span> <span class='ocrx_word' id='word_1_116' title='bbox 606 2093 797 2156; x_wconf 89' lang='lat' dir='ltr'>quem</span> <span class='ocrx_word' id='word_1_117' title='bbox 846 2078 1136 2156; x_wconf 87' lang='lat' dir='ltr'>egestate</span> <span class='ocrx_word' id='word_1_118' title='bbox 1183 2072 1309 2136; x_wconf 92' lang='lat' dir='ltr'>cibi</span> <span class='ocrx_word' id='word_1_119' title='bbox 1352 2077 1764 2156; x_wconf 87' lang='lat' dir='ltr'>peremptum</span> <span class='ocrx_word' id='word_1_120' title='bbox 1807 2070 1982 2136; x_wconf 90' lang='lat' dir='ltr'>haud</span> <span class='ocrx_word' id='word_1_121' title='bbox 2030 2070 2148 2135; x_wconf 94' lang='lat' dir='ltr'>du-</span> 
     </span>
     <span class='ocr_line' id='line_1_19' title="bbox 325 2175 2151 2260; baseline 0.001 -21"><span class='ocrx_word' id='word_1_122' title='bbox 325 2175 524 2258; x_wconf 88' lang='lat' dir='ltr'>bium,</span> <span class='ocrx_word' id='word_1_123' title='bbox 571 2182 803 2260; x_wconf 90' lang='lat' dir='ltr'>sponte</span> <span class='ocrx_word' id='word_1_124' title='bbox 840 2176 944 2239; x_wconf 87' lang='lat' dir='ltr'>vel</span> <span class='ocrx_word' id='word_1_125' title='bbox 974 2176 1382 2257; x_wconf 88' lang='lat' dir='ltr'>necessitate,</span> <span class='ocrx_word' id='word_1_126' title='bbox 1426 2176 1742 2239; x_wconf 91' lang='lat' dir='ltr'>incertum</span> <span class='ocrx_word' id='word_1_127' title='bbox 1772 2175 2151 2241; x_wconf 84' lang='lat' dir='ltr'>habebatur.</span> 
     </span>
     <span class='ocr_line' id='line_1_20' title="bbox 330 2279 2151 2363; baseline 0 -21"><span class='ocrx_word' id='word_1_128' title='bbox 330 2281 784 2363; x_wconf 86' lang='lat' dir='ltr'>consultusque</span> <span class='ocrx_word' id='word_1_129' title='bbox 819 2279 1058 2344; x_wconf 85' lang='lat' dir='ltr'>Caesar</span> <span class='ocrx_word' id='word_1_130' title='bbox 1088 2301 1170 2344; x_wconf 90' lang='lat' dir='ltr'>an</span> <span class='ocrx_word' id='word_1_131' title='bbox 1215 2279 1477 2363; x_wconf 87' lang='lat' dir='ltr'>sepeliri</span> <span class='ocrx_word' id='word_1_132' title='bbox 1522 2280 1782 2362; x_wconf 83' lang='lat' dir='ltr'>sineret,</span> <span class='ocrx_word' id='word_1_133' title='bbox 1827 2300 1957 2344; x_wconf 94' lang='lat' dir='ltr'>non</span> <span class='ocrx_word' id='word_1_134' title='bbox 2004 2300 2151 2344; x_wconf 91' lang='lat' dir='ltr'>eru-</span> 
     </span>
    </p>

    <p class='ocr_par' dir='ltr' id='par_1_6' title="bbox 289 2383 2157 2883">
     <span class='ocr_line' id='line_1_21' title="bbox 289 2383 2152 2468; baseline 0.004 -27"><span class='ocrx_word' id='word_1_135' title='bbox 289 2383 467 2447; x_wconf 70' lang='lat' dir='ltr'>sbuit</span> <span class='ocrx_word' id='word_1_136' title='bbox 512 2384 881 2468; x_wconf 88' lang='lat' dir='ltr'>permittere</span> <span class='ocrx_word' id='word_1_137' title='bbox 915 2384 1215 2467; x_wconf 91' lang='lat' dir='ltr'>ultroque</span> <span class='ocrx_word' id='word_1_138' title='bbox 1246 2385 1537 2447; x_wconf 85' lang='lat' dir='ltr'>incusare</span> <span class='ocrx_word' id='word_1_139' title='bbox 1573 2403 1775 2464; x_wconf 75' lang='lat' dir='ltr'>casuS,</span> <span class='ocrx_word' id='word_1_140' title='bbox 1821 2383 1931 2467; x_wconf 91' lang='lat' dir='ltr'>qui</span> <span class='ocrx_word' id='word_1_141' title='bbox 1965 2404 2152 2447; x_wconf 88' lang='lat' dir='ltr'>reum</span> 
     </span>
     <span class='ocr_line' id='line_1_22' title="bbox 330 2486 2153 2571; baseline 0 -20"><span class='ocrx_word' id='word_1_142' title='bbox 330 2486 762 2569; x_wconf 88' lang='lat' dir='ltr'>abstulissent,</span> <span class='ocrx_word' id='word_1_143' title='bbox 799 2492 1142 2571; x_wconf 88' lang='lat' dir='ltr'>antequam</span> <span class='ocrx_word' id='word_1_144' title='bbox 1172 2508 1386 2551; x_wconf 88' lang='lat' dir='ltr'>coram</span> <span class='ocrx_word' id='word_1_145' title='bbox 1418 2487 1939 2552; x_wconf 85' lang='lat' dir='ltr'>convinceretur:</span> <span class='ocrx_word' id='word_1_146' title='bbox 1982 2488 2153 2551; x_wconf 89' lang='lat' dir='ltr'>scili-</span> 
     </span>
     <span class='ocr_line' id='line_1_23' title="bbox 315 2588 2155 2675; baseline -0.002 -18"><span class='ocrx_word' id='word_1_147' title='bbox 315 2596 435 2657; x_wconf 56' lang='lat' dir='ltr'>2cet</span> <span class='ocrx_word' id='word_1_148' title='bbox 479 2590 694 2655; x_wconf 90' lang='lat' dir='ltr'>medio</span> <span class='ocrx_word' id='word_1_149' title='bbox 741 2591 1014 2655; x_wconf 90' lang='lat' dir='ltr'>triennio</span> <span class='ocrx_word' id='word_1_150' title='bbox 1054 2590 1351 2655; x_wconf 84' lang='lat' dir='ltr'>defuerat</span> <span class='ocrx_word' id='word_1_151' title='bbox 1393 2598 1653 2675; x_wconf 91' lang='lat' dir='ltr'>tempus</span> <span class='ocrx_word' id='word_1_152' title='bbox 1697 2588 2015 2654; x_wconf 90' lang='lat' dir='ltr'>subeundi</span> <span class='ocrx_word' id='word_1_153' title='bbox 2058 2590 2155 2654; x_wconf 91' lang='lat' dir='ltr'>iu-</span> 
     </span>
     <span class='ocr_line' id='line_1_24' title="bbox 332 2682 2154 2778; baseline -0.001 -20"><span class='ocrx_word' id='word_1_154' title='bbox 332 2682 606 2758; x_wconf 76' lang='lat' dir='ltr'>dicium&#39;</span> <span class='ocrx_word' id='word_1_155' title='bbox 629 2694 946 2758; x_wconf 88' lang='lat' dir='ltr'>consulari</span> <span class='ocrx_word' id='word_1_156' title='bbox 1003 2694 1172 2776; x_wconf 88' lang='lat' dir='ltr'>seni,</span> <span class='ocrx_word' id='word_1_157' title='bbox 1230 2700 1331 2758; x_wconf 92' lang='lat' dir='ltr'>tot</span> <span class='ocrx_word' id='word_1_158' title='bbox 1392 2694 1821 2759; x_wconf 87' lang='lat' dir='ltr'>consularium</span> <span class='ocrx_word' id='word_1_159' title='bbox 1880 2695 2154 2778; x_wconf 90' lang='lat' dir='ltr'>parenti.</span> 
     </span>
     <span class='ocr_line' id='line_1_25' title="bbox 331 2794 2157 2883; baseline -0.001 -21"><span class='ocrx_word' id='word_1_160' title='bbox 331 2798 582 2863; x_wconf 91' lang='lat' dir='ltr'>Drusus</span> <span class='ocrx_word' id='word_1_161' title='bbox 631 2798 864 2863; x_wconf 88' lang='lat' dir='ltr'>deinde</span> <span class='ocrx_word' id='word_1_162' title='bbox 913 2794 1377 2883; x_wconf 83' lang='lat' dir='ltr'>exstinguitur,</span> <span class='ocrx_word' id='word_1_163' title='bbox 1443 2819 1587 2862; x_wconf 91' lang='lat' dir='ltr'>cum</span> <span class='ocrx_word' id='word_1_164' title='bbox 1642 2818 1712 2861; x_wconf 89' lang='lat' dir='ltr'>se</span> <span class='ocrx_word' id='word_1_165' title='bbox 1772 2798 2157 2862; x_wconf 89' lang='lat' dir='ltr'>miserandis</span> 
     </span>
    </p>

    <p class='ocr_par' dir='ltr' id='par_1_7' title="bbox 268 2900 2163 3398">
     <span class='ocr_line' id='line_1_26' title="bbox 268 2900 2157 2984; baseline -0.002 -17"><span class='ocrx_word' id='word_1_166' title='bbox 268 2919 320 2959; x_wconf 83' lang='lat'>10</span> <span class='ocrx_word' id='word_1_167' title='bbox 335 2902 673 2984; x_wconf 88' lang='lat' dir='ltr'>alimentis,</span> <span class='ocrx_word' id='word_1_168' title='bbox 717 2900 1088 2966; x_wconf 89' lang='lat' dir='ltr'>mandendo</span> <span class='ocrx_word' id='word_1_169' title='bbox 1136 2922 1171 2965; x_wconf 91' lang='lat' dir='ltr'>e</span> <span class='ocrx_word' id='word_1_170' title='bbox 1220 2900 1415 2965; x_wconf 90' lang='lat' dir='ltr'>cubili</span> <span class='ocrx_word' id='word_1_171' title='bbox 1458 2905 1855 2983; x_wconf 88' lang='lat' dir='ltr'>tomentum,</span> <span class='ocrx_word' id='word_1_172' title='bbox 1913 2920 2157 2965; x_wconf 89' lang='lat' dir='ltr'>nonum</span> 
     </span>
     <span class='ocr_line' id='line_1_27' title="bbox 335 3003 2156 3088; baseline -0.001 -18"><span class='ocrx_word' id='word_1_173' title='bbox 335 3006 416 3071; x_wconf 92' lang='lat' dir='ltr'>ad</span> <span class='ocrx_word' id='word_1_174' title='bbox 463 3007 635 3072; x_wconf 90' lang='lat' dir='ltr'>diem</span> <span class='ocrx_word' id='word_1_175' title='bbox 669 3007 1070 3071; x_wconf 90' lang='lat' dir='ltr'>detinuisset.</span> <span class='ocrx_word' id='word_1_176' title='bbox 1147 3004 1473 3069; x_wconf 87' lang='lat' dir='ltr'>tradidere</span> <span class='ocrx_word' id='word_1_177' title='bbox 1506 3003 1764 3088; x_wconf 89' lang='lat' dir='ltr'>quidam</span> <span class='ocrx_word' id='word_1_178' title='bbox 1796 3003 2156 3088; x_wconf 88' lang='lat' dir='ltr'>praescrip-</span> 
     </span>
     <span class='ocr_line' id='line_1_28' title="bbox 335 3107 2159 3191; baseline -0.003 -15"><span class='ocrx_word' id='word_1_179' title='bbox 335 3119 471 3176; x_wconf 91' lang='lat' dir='ltr'>tum</span> <span class='ocrx_word' id='word_1_180' title='bbox 515 3112 712 3176; x_wconf 87' lang='lat' dir='ltr'>fuisse</span> <span class='ocrx_word' id='word_1_181' title='bbox 757 3110 1081 3189; x_wconf 89' lang='lat' dir='ltr'>Macroni,</span> <span class='ocrx_word' id='word_1_182' title='bbox 1143 3108 1195 3173; x_wconf 90' lang='lat' dir='ltr'>si</span> <span class='ocrx_word' id='word_1_183' title='bbox 1256 3130 1431 3172; x_wconf 89' lang='lat' dir='ltr'>arma</span> <span class='ocrx_word' id='word_1_184' title='bbox 1475 3107 1555 3173; x_wconf 89' lang='lat' dir='ltr'>ab</span> <span class='ocrx_word' id='word_1_185' title='bbox 1601 3107 1835 3172; x_wconf 83' lang='lat' dir='ltr'>Seiano</span> <span class='ocrx_word' id='word_1_186' title='bbox 1880 3112 2159 3191; x_wconf 88' lang='lat' dir='ltr'>tempta-</span> 
     </span>
     <span class='ocr_line' id='line_1_29' title="bbox 335 3210 2159 3297; baseline -0.002 -17"><span class='ocrx_word' id='word_1_187' title='bbox 335 3221 574 3297; x_wconf 89' lang='lat' dir='ltr'>rentur,</span> <span class='ocrx_word' id='word_1_188' title='bbox 621 3220 981 3279; x_wconf 82' lang='lat' dir='ltr'>extractum</span> <span class='ocrx_word' id='word_1_189' title='bbox 1015 3213 1345 3277; x_wconf 89' lang='lat' dir='ltr'>custodiae</span> <span class='ocrx_word' id='word_1_190' title='bbox 1377 3214 1677 3276; x_wconf 86' lang='lat' dir='ltr'>iuvenem</span> <span class='ocrx_word' id='word_1_191' title='bbox 1723 3210 1896 3293; x_wconf 89' lang='lat' dir='ltr'>(nam</span> <span class='ocrx_word' id='word_1_192' title='bbox 1934 3212 2001 3276; x_wconf 89' lang='lat' dir='ltr'>in</span> <span class='ocrx_word' id='word_1_193' title='bbox 2031 3212 2159 3277; x_wconf 89' lang='lat' dir='ltr'>Pa-</span> 
     </span>
     <span class='ocr_line' id='line_1_30' title="bbox 337 3314 2163 3398; baseline 0.001 -19"><span class='ocrx_word' id='word_1_194' title='bbox 337 3317 494 3381; x_wconf 88' lang='lat' dir='ltr'>latio</span> <span class='ocrx_word' id='word_1_195' title='bbox 541 3314 956 3397; x_wconf 87' lang='lat' dir='ltr'>attinebatur)</span> <span class='ocrx_word' id='word_1_196' title='bbox 1004 3316 1235 3381; x_wconf 89' lang='lat' dir='ltr'>ducem</span> <span class='ocrx_word' id='word_1_197' title='bbox 1282 3316 1523 3398; x_wconf 90' lang='lat' dir='ltr'>populo</span> <span class='ocrx_word' id='word_1_198' title='bbox 1556 3316 1909 3398; x_wconf 89' lang='lat' dir='ltr'>imponere.</span> <span class='ocrx_word' id='word_1_199' title='bbox 1982 3338 2163 3397; x_wconf 85' lang='lat' dir='ltr'>mox,</span> 
     </span>
    </p>

    <p class='ocr_par' dir='ltr' id='par_1_8' title="bbox 272 3419 2167 3507">
     <span class='ocr_line' id='line_1_31' title="bbox 272 3419 2167 3507; baseline 0.003 -27"><span class='ocrx_word' id='word_1_200' title='bbox 272 3442 322 3480; x_wconf 84' lang='lat'>15</span> <span class='ocrx_word' id='word_1_201' title='bbox 343 3420 490 3503; x_wconf 86' lang='lat' dir='ltr'>quia</span> <span class='ocrx_word' id='word_1_202' title='bbox 545 3439 767 3482; x_wconf 90' lang='lat' dir='ltr'>rumor</span> <span class='ocrx_word' id='word_1_203' title='bbox 827 3420 1170 3485; x_wconf 91' lang='lat' dir='ltr'>incedebat</span> <span class='ocrx_word' id='word_1_204' title='bbox 1230 3419 1383 3484; x_wconf 82' lang='lat' dir='ltr'>fore&#39;</span> <span class='ocrx_word' id='word_1_205' title='bbox 1432 3424 1505 3484; x_wconf 91' lang='lat' dir='ltr'>ut</span> <span class='ocrx_word' id='word_1_206' title='bbox 1569 3440 1735 3485; x_wconf 89' lang='lat' dir='ltr'>nuru</span> <span class='ocrx_word' id='word_1_207' title='bbox 1798 3442 1873 3485; x_wconf 90' lang='lat' dir='ltr'>ac</span> <span class='ocrx_word' id='word_1_208' title='bbox 1933 3422 2167 3507; x_wconf 90' lang='lat' dir='ltr'>nepoti</span> 
     </span>
    </p>
   </div>
  </div>
 </body>
</html>
