2467 3900
391 193 466 250 ’ΖΟ
1055 199 1333 239 CORNELII
1358 199 1555 240 ΤΑΟΙΤΙ
1579 234 1581 236 ,

299 373 304 378 ’
345 364 695 441 6uteretur,
729 360 951 421 coacta
981 356 1209 420 stabile
1243 358 1325 423 ad
1356 359 1706 443 proelium:
1757 367 1977 425 contra
2010 361 2228 443 miles,

389 464 493 527 cui
537 469 784 528 scutum
832 462 1080 548 pectori
1126 461 1503 546 adpressum
1552 469 1617 526 et
1661 463 1949 529 insidens
1984 466 2223 550 capulo

386 589 634 651 manus,
678 568 844 632 latos
890 568 1308 632 barbarorum
1354 573 1548 650 artuS,
1593 569 1766 634 nuda
1812 591 1926 634 ora
1959 569 2229 635 foderet

385 675 685 760 viamque
731 680 944 758 strage
988 672 1273 736 hostium
1320 673 1617 756 aperiret,
1667 675 2040 760 inprompto
2088 675 2228 740 Ar-

385 779 582 844 minio
650 778 732 843 ob
797 779 1096 843 continua
1157 777 1481 862 pericula,
1552 781 1688 845 sive
1745 779 1929 843 illum
1982 801 2225 845 recens

315 900 364 939 10
383 891 720 970 acceptum
750 885 980 949 vulnus
1003 883 1389 947 tardaverat.
1455 885 1609 969 quin
1636 888 1701 948 et
1723 883 2225 969 Inguiomerum

381 995 519 1052 tota
575 988 956 1054 volitantem
1013 987 1150 1058 acie
1210 987 1467 1051 fortuna
1517 989 1724 1072 magis
1770 1010 1963 1074 quam
2005 991 2225 1054 virtus

384 1092 742 1158 deserebat.
825 1099 890 1157 et
937 1093 1381 1173 Germanicus,
1429 1111 1554 1176 quo
1602 1093 1805 1177 magis
1851 1090 2222 1174 adgnosce-

380 1204 588 1282 retur,
667 1197 1038 1263 detraxerat
1097 1196 1383 1280 tegimen
1443 1197 1637 1280 capiti
1699 1198 2052 1279 orabatque
2113 1197 2218 1261 in-

381 1303 679 1367 sisterent
726 1300 1060 1366 caedibus:
1107 1301 1198 1363 nil
1249 1320 1409 1384 opus
1442 1300 1730 1385 captiviS,
1778 1303 1983 1367 solam
2012 1303 2219 1366 inter-

311 1427 363 1466 15
379 1407 702 1470 nicionem
734 1405 944 1490 gentis
974 1405 1169 1468 finem
1195 1404 1370 1468 bello
1395 1403 1555 1468 fore.
1621 1405 1876 1488 iamque
1902 1425 2047 1469 sero
2080 1404 2216 1469 diei

381 1509 680 1574 subducit
735 1509 1151 1574 vicensimam
1208 1507 1536 1592 legionem
1594 1505 1904 1571 faciendis
1950 1509 2214 1574 castris:

380 1619 632 1678 ceterae
684 1613 768 1677 ad
811 1619 1067 1679 noctem
1115 1632 1343 1676 cruore
1391 1611 1673 1676 hostium
1720 1613 1986 1676 satiatae
2034 1619 2213 1677 sunt.

381 1719 627 1802 equites
674 1718 974 1802 ambigue
1017 1722 1369 1781 certavere.

509 1823 613 1884 22.
671 1820 978 1885 Laudatis
1036 1842 1153 1906 pro
1215 1820 1517 1886 contione
1568 1820 1918 1884 victoribus
1967 1820 2217 1886 Caesar

377 1927 749 2011 congeriem
806 1947 1130 1991 armorum
1187 1924 1420 1991 struxit
1464 1924 1742 2009 superbo
1774 1946 1936 1989 ·cum
1981 1924 2212 1991 titulo:

379 2026 716 2097 debellatis
740 2033 910 2097 inter
931 2031 1233 2095 Rhenum
1251 2028 1599 2113 Albimque
1624 2028 1991 2094 nationibus
2015 2050 2210 2095 exer-

379 2137 574 2200 citum
605 2136 850 2200 Tiberii
883 2136 1176 2200 Caesaris
1208 2156 1286 2199 ea
1316 2136 1716 2199 monimenta
1745 2134 1937 2199 Marti
1969 2140 2034 2198 et
2057 2133 2212 2199 Iovi

333 2247 444 2305 set
487 2241 786 2325 Augusto
836 2241 1207 2305 sacravisse.
1294 2238 1373 2301 de
1421 2259 1489 2302 se
1520 2237 1680 2304 nihil
1710 2236 1981 2319 addidit,
2023 2243 2211 2301 metu

375 2343 657 2410 invidiae
719 2366 801 2409 an
858 2351 1034 2409 ratus
1093 2344 1551 2409 conscientiam
1612 2342 1763 2407 facti
1824 2341 1975 2407 satis
2034 2362 2205 2407 esse.

376 2469 532 2512 mox
576 2449 816 2512 bellum
863 2450 928 2512 in
972 2446 1400 2531 Angrivarios
1446 2446 1753 2512 Stertinio
1799 2446 2081 2527 mandat,
2134 2447 2207 2510 ni

377 2550 773 2616 deditionem
834 2550 1376 2636 properavissent.
1468 2556 1659 2635 atque
1719 2550 1814 2615 illi
1874 2552 2203 2636 supplices

371 2654 534 2718 nihil
580 2654 921 2718 abnuendo
969 2653 1226 2719 veniam
1276 2676 1605 2740 accepere.

504 2760 605 2822 23.
667 2759 795 2825 Sed
859 2766 1105 2823 aestate
1168 2762 1299 2824 iam
1363 2760 1582 2825 adulta
1642 2761 1975 2843 legionum
2032 2761 2200 2826 aliae

371 2864 604 2929 itinere
663 2866 950 2929 terrestri
1007 2864 1071 2929 in
1125 2864 1541 2929 hibernacula
1583 2864 1920 2946 remissae;
1978 2867 2201 2949 plures

377 2968 614 3035 Caesar
644 2969 830 3033 classi
853 2970 1166 3054 inpositas
1189 2991 1307 3054 per
1329 2972 1567 3035 flumen
1590 2970 1903 3034 Amisiam
1933 2970 2197 3035 Oceano

371 3076 638 3139 invexit.
730 3095 803 3138 ac
862 3076 1071 3157 primo
1121 3073 1449 3157 placidum
1494 3094 1736 3158 aequor
1779 3074 1956 3139 mille
2002 3075 2199 3138 remis

325 3185 658 3262 sstrepere
705 3183 813 3241 aut
858 3177 1018 3241 velis
1063 3177 1319 3261 inpelli:
1366 3198 1523 3241 mox
1566 3183 1705 3240 atro
1754 3178 1947 3261 globo
1993 3177 2201 3242 effusa

369 3282 614 3365 grando
639 3333 655 3365 ,
730 3282 918 3347 simul
988 3282 1181 3347 variis
1255 3282 1538 3365 undique
1576 3280 1903 3365 ¹procellis
1969 3281 2200 3344 incerti

368 3387 593 3452 fluctus
656 3392 1070 3472 prospectum
1135 3385 1452 3467 adimere,
1518 3384 1807 3468 regimen
1867 3382 2195 3469 inpedire;
