2467 3900
384 275 419 332 6
1035 281 1313 322 CORNELII
1339 281 1534 322 TACI'H

380 439 631 504 Liviam
676 461 758 505 ne
806 461 1038 506 arcana
1085 440 1334 524 (10111116,
1379 461 1463 505 116
1512 441 1780 506 consilia
1825 442 2206 526 amicorum,

384 545 734 610 ministeria
777 545 1052 609 militum
1083 545 1503 629 vulgarentur
1547 567 1711 613 neve
1745 546 2040 638 Tiberius
2070 549 2207 614 vim

315 672 366 709 25
383 649 775 735 principatus
805 650 1161 715 resolveret
1212 637 1297 714 ad
1340 656 1634 715 senatum
1671 651 1998 717 vocando:
2059 673 2207 717 eam

385 751 832 818 condicionem
878 774 1021 818 esse
1078 752 1446 839 imperandi
1492 758 1573 817 ut
1628 775 1760 819 non
1807 755 1995 820 aliter
2036 755 2205 820 ratio

387 863 658 923 constet.

519 963 575 1025 7.
642 960 735 1024 At
793 961 1045 1026 Romae
1109 981 1299 1027 ruere
1366 963 1435 1027 in
1501 961 1833 1027 servitium
1911 961 2209 1028 consules

384 1073 600 1152 patres
681 1067 950 1152 equites,
1072 1067 1317 1152 quanto'
1379 1066 1521 1152 quis
1583 1066 1912 1131 inlustrior
1937 1091 1975 1146 ‚·
2022 1071 2206 1130 tanto

383 1171 589 1254 magis
636 1171 784 1235 falsi
813 1191 886 1234 ac
928 1171 1304 1236 festinantes
1350 1170 1660 1254 vultuque
1694 1170 2074 1259 composito,
2120 1191 2207 1235 ne

383 1275 538 1340 laeti
583 1294 854 1339 excessu
900 1275 1208 1361 principis
1252 1283 1382 1339 neu
1426 1278 1644 1340 tristes
1688 1275 2063 1360 primordie,
2108 1274 2205 1339 la-

341 1380 612 1444 ⁵crimas
657 1369 982 1463 gaudium,
1029 1386 1290 1464 questus
1337 1379 1777 1444 adulationem
1828 1363 2207 1444 miscebant.

383 1483 536 1548 Sex:
569 1481 919 1566 Pompeius
967 1490 1031 1547 et
1075 1482 1227 1548 Sex.
1259 1482 1623 1568 Appuleius
1670 1484 1967 1548 consules
2012 1483 2209 1566 primi

381 1586 448 1649 in
493 1585 690 1651 verba
733 1584 973 1650 Tiberii
1022 1585 1316 1651 Caesaris
1378 1587 1673 1653 iuravere
1731 1588 2032 1672 apudque
2092 1607 2211 1651 eos

346 1690 569 1755 'Seius
615 1690 845 1755 Strabo
905 1695 972 1755 et
1019 1689 1092 1755 O.
1139 1690 1520 1774 Turranius,
1580 1692 1689 1756 ille
1736 1692 2207 1776 praetoriarum

384 1793 744 1858 cohortium
802 1793 1196 1879 praefectus,
1261 1795 1367 1858 hic
1425 1815 1753 1877 annonae;
1817 1817 1974 1861 mox
2020 1818 2209 1861 sena-

315 1904 488 1963 lotus
531 1899 842 1985 milesque
891 1905 956 1964 et
999 1898 1298 1984 populus.
1382 1921 1531 1965 nam
1559 1899 1855 1966 Tiberius
1901 1921 2019 1986 per
2048 1922 2207 1967 con-

383 2006 554 2070 sules
611 2005 990 2090 incipiebat,
1050 2012 1379 2089 tamquam
1422 2011 1647 2069 vetere
1691 2025 1765 2069 re
1823 2005 2079 2095 publica
2140 2014 2213 2070 et

382 2110 721 2193 ambiguus
766 2109 1160 2193 imperandi:
1224 2130 1309 2173 ne
1371 2110 1654 2174 edictum
1711 2110 1972 2195 quidem
1996 2159 2012 2191 ,
2074 2126 2210 2194 quo

381 2223 600 2301 patres
629 2215 970 2289 incuriam
1003 2213 1296 2291 vocabat,
1341 2214 1465 2278 nisi
1505 2212 1885 2278 tribuniciae
1918 2219 2211 2299 potesta-

382 2320 464 2383 tis
513 2320 1024 2404 praescriptione
1074 2306 1295 2403 posuit
1343 2304 1461 2383 sub
1516 2318 1814 2403 Augusto
1878 2325 2211 2402 acceptae.

316 2446 366 2483 15
383 2424 582 2488 verba
655 2423 835 2486 fuere
906 2443 1111 2506 pauca
1185 2428 1251 2485 et
1321 2442 1513 2487 sensu
1587 2422 2044 2507 permodesto:
2124 2421 2213 2488 de

382 2526 734 2591 honoribus
811 2526 1096 2610 parentis
1174 2526 1616 2591 consulturum
1690 2545 1903 2611 neque
1982 2525 2215 2589 absce-

385 2631 540 2695 dere
571 2653 608 2695 a
636 2650 910 2713 corpore
942 2629 1138 2714 idque
1168 2651 1367 2694 unum
1400 2651 1486 2693 ex
1525 2628 1800 2715 publicis
1831 2628 2217 2694 muneribus

383 2757 710 2820 usurpare.
815 2734 932 2798 sed
985 2734 1289 2800 defuncto
1343 2732 1643 2819 Augusto
1707 2734 1962 2817 signum
2017 2754 2213 2822 prae·

385 2840 568 2903 toriis
614 2839 987 2903 cohortibus
1025 2822 1495 2922 ut'imperator
1540 2836 1841 2918 dederat3
1891 2836 2214 2902 excubiae

317 2961 592 3024 20arma,
659 2948 875 3007 cetera
938 2944 1158 3023 aulae;
1223 2940 1407 3005 miles
1466 2941 1532 3004 in
1588 2940 1837 3022 forum,
1897 2940 2081 3004 miles
2138 2940 2213 3004 in

387 3048 627 3113 curiam
687 3048 1131 3112 comitabatur.
1219 3047 1469 3111 litteras
1527 3045 1609 3110 ad
1657 3047 1983 3111 exercitus
2041 3052 2216 3109 tam-

386 3172 575 3236 quam
622 3150 858 3236 adepto
917 3151 1279 3235 principatu
1322 3152 1527 3233 misit,
1590 3170 1904 3235 nusquam
1951 3154 2213 3214 cuncta-

386 3254 640 3320 bundus
697 3254 819 3319 nisi
883 3275 1028 3318 cum
1091 3255 1157 3318 in
1219 3238 1445 3318 senatu
1508 3254 1903 3338 loqueretur.
2016 3274 2217 3317 causa.

386 3362 732 3447 praecipua
779 3382 862 3425 ex
903 3358 1268 3438 formidine,
1311 3380 1394 3423 ne
1429 3356 1871 3440 Germanicus,
1918 3358 1982 3422 in
2026 3358 2213 3422 cuius

320 3491 370 3529 25
388 3454 578 3530 manu
637 3471 737 3529 tot
791 3464 1116 3548 legioncS,
1179 3464 1495 3527 immensa
1556 3463 1877 3526 sociorum
1945 3461 2214 3544 auxilia,

2421 2852 2431 3039 1

2408 3062 2429 3843 ὲ
