2467 3900
696 273 772 312 AB
800 272 1050 313 EXOESSU
1078 273 1204 312 DIVI
1230 271 1488 312 AUGUSTI
1511 271 1582 310 111
1608 271 1779 312 68—71.
2043 266 2158 324 155

416 497 419 500 ,
462 434 563 497 70.
621 432 781 498 Post
826 431 1028 498 auditi
1061 430 1488 518 Cyrenenses,
1537 438 1603 498 et
1645 438 1985 499 accusante
2016 432 2153 499 An-

328 537 545 601 chario
577 537 797 602 Prisco
831 535 1098 601 Caesius
1132 535 1385 602 Cordus
1427 536 1932 621 repetundarum
1977 535 2153 600 dam-

326 645 533 706 natur.
607 641 680 707 L.
711 641 993 706 Ennium
1040 641 1328 724 equitem
1370 639 1756 722 Romanum,
1801 641 2155 706 maiestatis

326 745 738 830 postulatum,
786 742 962 828 quod
1004 743 1284 827 effigiem
1313 743 1619 829 principis
1649 747 2040 830 promiscum
2071 746 2154 810 ad

324 870 510 914 usum
567 850 818 934 argenti
870 849 1205 930 vertisset,
1263 848 1466 933 recipi
1513 847 1753 914 Caesar
1795 850 1964 916 inter
2004 867 2194 916 reoss

322 955 559 1037 vetuit,
618 953 832 1038 palam
889 958 1276 1037 aspernante
1335 950 1532 1018 Ateio
1597 952 1913 1038 Capitone
1971 955 2154 1039 quasi

322 1079 442 1146 per
494 1059 881 1124 libertatem.
968 1078 1099 1122 non
1150 1057 1322 1121 enim
1367 1057 1608 1126 debere
1655 1058 1822 1143 eripi
1865 1059 2153 1143 patribus

322 1164 452 1229 vim
511 1161 838 1228 statuendi
892 1181 1104 1245 neque
1161 1166 1412 1225 tantum
1459 1160 1845 1226 maleficium
1888 1163 2149 1248 impune

321 1267 749 1334 habendum.=
802 1287 957 1331 sane
1000 1267 1211 1330 lentus
1258 1265 1326 1328 in
1371 1285 1488 1328 suo
1538 1263 1764 1330 dolore
1811 1274 2013 1331 esset:
2056 1268 2151 1331 rei

321 1372 619 1457 publicae
686 1370 947 1436 iniurias
1010 1390 1092 1434 ne
1157 1369 1521 1454 largiretur.
1610 1369 1934 1436 intellexit
1988 1371 2149 1437 haec
2167 1391 2217 1431 10

320 1477 637 1559 Tiberine,
683 1481 755 1540 ut
784 1483 966 1540 erant
994 1475 1201 1559 magis
1234 1496 1426 1560 quam
1452 1483 1526 1562 ut
1557 1475 1953 1558 dicebantur,
2000 1498 2148 1564 per-

320 1581 606 1666 stititque
667 1580 1091 1647 intercedere.
1185 1579 1416 1666 Capito
1466 1580 1829 1664 insignitior
1869 1581 2147 1664 infamia,

322 1684 496 1770 quod
540 1687 805 1752 humani
849 1685 1177 1768 divinique
1222 1686 1378 1750 iuris
1417 1687 1629 1752 sciens
1660 1686 2000 1771 egregium
2027 1708 2147 1772 pu-

321 1789 557 1854 blicum
601 1798 668 1854 et
714 1790 915 1856 bonas
962 1789 1137 1853 domi
1183 1795 1353 1854 artes
1402 1788 1982 1856 dehonestavisset.

452 1896 555 1959 71.
619 1894 893 1961 Incessit
951 1893 1101 1961 dein
1144 1893 1375 1979 religio
1393 1942 1410 1976 ,
1469 1894 1747 1979 quonam
1791 1896 1859 1959 in
1902 1895 2143 1981 templo

317 1968 663 2066 locandum
709 2000 970 2082 donum,
1016 1997 1192 2083 quod
1237 2019 1356 2083 pro
1403 1998 1777 2063 valetudine
1808 1996 2144 2083 Augustae

318 2106 568 2191 equites
596 2103 876 2169 Romani
920 2111 1235 2169 voverant
1265 2103 1568 2188 Equestri
1597 2104 1953 2168 Fortunae:
1999 2124 2147 2169 nam

319 2211 440 2275 etsi
504 2209 771 2275 delubra
818 2208 979 2273 deae
1023 2208 1225 2273 multa
1270 2209 1336 2273 in
1382 2208 1574 2291 urbe,
1637 2208 1886 2273 nullum
1929 2215 2144 2272 tamen

312 2313 430 2378 tali
507 2317 959 2395 cognomento.
1064 2300 1395 2398 repertum
1467 2312 1698 2377 aedem
1768 2312 1943 2396 apud
2004 2312 2185 2377 An·5

315 2417 510 2495 tium,
568 2435 735 2500 quae
792 2416 884 2480 sic
928 2424 1436 2500 nuncuparetur,
1501 2424 1890 2502 cunctasque
1947 2418 2145 2483 caeri-

315 2520 563 2585 monias
600 2518 841 2585 Italicis
881 2520 949 2583 in
991 2519 1248 2604 oppidis
1290 2520 1658 2605 templaque
1707 2526 1773 2585 et
1813 2522 2146 2586 numinum

316 2623 565 2707 effigies
620 2624 779 2688 iuris
839 2630 1033 2709 atque
1087 2624 1340 2709 imperii
1384 2623 1680 2688 Romani.
1768 2624 1860 2689 ita
1903 2624 2143 2690 donum

313 2728 489 2813 apud
517 2728 787 2793 Antium
832 2729 1152 2793 statuitur.
1225 2736 1295 2815 et
1337 2729 1642 2814 quoniam
1687 2728 1769 2795 de
1813 2730 2140 2815 religioni-

312 2832 432 2897 bus
459 2833 873 2914 tractabatur,
900 2833 1170 2898 dilatum
1196 2856 1406 2920 nuper
1426 2854 1810 2920 responsum
1833 2834 2140 2900 adversus
2158 2849 2209 2892 10

312 2935 607 3003 Servium
636 2937 1152 3021 Maluginensem
1186 2939 1511 3003 flaminem
1541 2938 1800 3005 Dialem
1831 2939 2142 3025 prompsit

313 3039 552 3107 Caesar
585 3042 1006 3127 recitavitque
1041 3041 1372 3107 decretum
1403 3043 1798 3127 pontificum,
1842 3044 2138 3128 quotiens

308 3144 612 3210 valetudo
656 3143 931 3211 adversa
970 3146 1296 3211 flaminem
1326 3146 1585 3210 Dialem
1629 3148 2020 3229 incessisset,
2069 3153 2140 3211 ut

311 3249 629 3333 pontificis
658 3249 952 3314 ‘maximi
1008 3248 1274 3315 arbitrio
1331 3251 1476 3336 plus
1539 3272 1730 3335 quam
1784 3250 2136 3317 binoctium

310 3351 585 3435 abesset,
635 3353 787 3418 dum
830 3374 911 3419 ne
960 3352 1187 3419 diebus
1231 3352 1472 3438 publici
1517 3353 1808 3419 sacrificii
1837 3374 1965 3420 neu
1996 3375 2136 3419 sae·
2155 3376 2205 3417 1⁵
2245 3432 2262 3443 .

313 3457 456 3542 pius
502 3478 693 3542 quam
736 3457 835 3522 bis
882 3455 1163 3522 eundem
1205 3457 1272 3521 in
1319 3476 1589 3537 annum3
1640 3477 1804 3541 quae
1848 3457 2135 3542 principe
