2467 3900
666 281 741 320 ΑΒ
768 280 1025 322 EXCESSU
1052 281 1181 320 DIVI
1206 279 1464 322 AUGUSTI
1487 280 1550 319 IV
1577 281 1694 319 4—6.
1979 277 2090 333 163

264 438 565 521 urbanae,
606 460 842 503 novem
872 439 1235 524 praetoriae
1269 439 1568 504 cohortes
1598 437 1858 504 Etruria
1883 439 2088 504 ferme

262 542 659 628 Umbriaque
716 543 1005 608 delectae
1052 553 1162 608 aut
1204 551 1428 610 vetere
1472 544 1660 608 Latio
1709 550 1776 608 et
1819 544 2089 610 coloniis

263 649 609 733 antiquitus
639 647 972 714 Romanis.
1049 658 1116 712 at
1144 654 1316 733 vaput
1348 647 1587 712 idonea
1615 649 2088 732 provinciarum

262 752 478 817 sociae
522 746 819 817 triremes
866 752 1137 837 alaeque
1185 756 1254 816 et
1296 751 1538 816 auxilia
1583 751 1944 816 cohortium
1973 773 2088 816 ne·
2107 775 2159 814 25

263 877 387 941 que
442 856 647 920 multo
696 877 880 921 secus
922 857 990 921 in
1032 856 1114 919 iis
1157 856 1424 920 virium:
1483 853 1601 920 sed
1645 856 1946 940 persequi
1991 857 2089 920 in-

261 967 525 1040 certum,
571 980 717 1027 cum
764 980 851 1024 ex
896 980 1014 1023 usu
1060 960 1372 1042 temporis
1417 959 1543 1022 huc
1586 959 1740 1022 illuc
1779 966 2090 1042 mearent,

259 1067 607 1150 gliscerent
651 1086 923 1130 numero
972 1055 1040 1128 et
1084 1063 1429 1148 aliquando
1477 1063 1930 1128 minuerentur.

393 1173 451 1234 6.
527 1169 933 1252 Congruens·
982 1167 1368 1232 crediderim
1433 1185 1774 1231 recensere
1841 1173 2090 1232 ceteras

262 1294 517 1358 quoque
560 1273 659 1338 rei
701 1273 1003 1357 publicae
1043 1277 1281 1358 parteS,
1327 1270 1558 1355 quibus
1585 1262 1912 1334 modisad
1946 1292 2087 1336 eam

261 1376 435 1440 diem
478 1376 739 1441 habitae
784 1377 927 1458 sint,
975 1377 1280 1460 quoniam
1309 1373 1572 1439 Tiberio
1619 1375 1847 1438 mutati
1877 1376 1943 1439 in
1975 1374 2088 1440 de-

258 1481 462 1544 terius
507 1481 901 1564 principatus
945 1480 1200 1545 initium
1243 1479 1356 1543 ille
1405 1500 1608 1544 annus
1653 1480 1886 1544 attulit.
1962 1481 2090 1543 iam

260 1569 536 1667 primum
594 1583 852 1668 publica
906 1584 1169 1667 negotia
1230 1590 1296 1648 et
1355 1585 1752 1668 privatorum
1811 1585 2134 1650 maximas

260 1687 432 1772 apud
492 1696 709 1773 patres
763 1687 1201 1752 tractabantur
1257 1687 1657 1772 dabaturque
1703 1689 2090 1773 primoribus

264 1791 579 1857 disserere
628 1801 693 1856 et
735 1793 801 1856 in
832 1792 1271 1856 adulationem
1301 1792 1518 1876 lapsos
1552 1791 1893 1857 cohibebat
1922 1793 2089 1876 ipse3

260 1897 735 1983 mandabatque
768 1898 1071 1979 honores,
1102 1895 1510 1961 nobilitatem
1535 1896 1869 1977 maiorum,
1901 1897 2088 1960 clari-

260 2002 549 2067 tudinem
576 2002 863 2083 militiae,
892 2001 1195 2065 inlustres
1221 1999 1399 2063 domi
1421 2005 1592 2063 artes
1615 1999 1989 2085 spectando,
2019 2006 2090 2063 ut

260 2106 415 2169 satis
460 2110 787 2169 constaret
830 2127 959 2171 non
992 2105 1151 2168 alios
1182 2106 1472 2190 potiores
1501 2104 1718 2169 fuisse.
1795 2126 1910 2167 sua
1941 2124 2158 2167 con-10

260 2210 524 2291 sulibus,
564 2230 679 2273 sua
708 2210 1116 2295 praetoribus
1148 2194 1428 2295 species;
1477 2211 1798 2274 minorum
1831 2230 2088 2294 quoque

262 2314 751 2397 magistratuum
786 2314 1071 2379 exercita
1093 2320 1412 2398 potestas3
1443 2316 1776 2399 legesque,
1809 2314 1862 2377 si
1889 2314 2088 2377 maie-

261 2416 443 2480 statis
466 2418 755 2501 quaestio
784 2418 1198 2500 eximeretur,
1221 2418 1393 2483 bono
1421 2418 1486 2481 in
1506 2441 1644 2483 usu.
1690 2423 1757 2481 at
1771 2417 2090 2483 frumenta

262 2525 329 2584 et
353 2520 667 2604 pecuniae
694 2521 1067 2605 vectigales,
1096 2528 1312 2587 cetera
1339 2523 1743 2605 publicorum
1767 2522 2089 2589 fructuum

264 2624 677 2689 societatibus
709 2625 993 2710 equitum
1020 2624 1464 2690 Romanorum
1495 2628 1922 2710 agitabantur.
1985 2648 2088 2693 res
2111 2653 2163 2691 15

261 2750 410 2792 suas
442 2728 680 2794 Caesar
708 2731 1177 2814 spectatissimo
1212 2731 1462 2815 cuique,
1495 2731 1874 2814 quibusdam
1905 2732 2086 2815 igno-

258 2833 342 2897 tis
400 2854 485 2899 ex
542 2834 715 2897 fama
772 2834 1121 2900 mandabat
1164 2837 1493 2920 semelque
1540 2835 1862 2920 adsumpti
1905 2842 2086 2901 tene-

258 2938 491 3002 bantur
549 2960 812 3023 prorsus
870 2939 1007 3004 sine
1061 2938 1295 3022 modo,
1356 2961 1499 3003 cum
1547 2940 1836 3024 plerique
1881 2939 2088 3004 isdem

258 3043 534 3126 negotiis
564 3044 1066 3107 insenescerent.
1129 3043 1358 3128 plebes
1388 3044 1518 3109 acri
1550 3044 1811 3128 quidem
1836 3064 2089 3107 annona

256 3146 677 3230 fatigabatur,
706 3190 709 3195 -
735 3147 873 3212 sed
909 3148 1087 3212 nulla
1143 3149 1208 3211 in
1271 3168 1349 3213 eo
1397 3148 1588 3232 culpa
1636 3168 1719 3213 ex
1763 3147 2084 3232 principe:
2104 3178 2158 3217 20

259 3251 411 3334 quin
457 3250 907 3315 infecunditati
952 3256 1267 3317 terrarum
1314 3258 1426 3316 aut
1470 3252 1715 3335 asperis
1746 3252 1939 3315 maris
1973 3252 2083 3315 ob·

257 3354 428 3418 viam
471 3354 567 3437 iit,
613 3361 921 3440 quantum
942 3347 1278 3441 vimpendio
1314 3357 1774 3441 diligentiaque
1807 3362 2084 3440 poterat.

258 3463 323 3521 et
368 3479 450 3523 ne
488 3461 863 3542 provinciae
892 3460 1077 3524 novis
1111 3461 1411 3525 oneribus
1441 3462 1854 3526 turbarentur
1883 3467 2082 3546 utque
