2467 3900
656 247 731 286 AB
758 247 1010 288 EXCESSU
1038 247 1168 288 DIVI
1193 247 1450 288 AUGUSTI
1475 248 1544 288 HI
1571 247 1738 288 33-36.
1998 242 2109 300 133

290 426 507 470 rerum
538 403 963 470 secundarum
996 405 1558 490 adversarumque.
1619 407 1870 472 addidit
1904 428 2110 491 pauca

289 510 543 574 Drusus
590 508 672 573 de
716 509 1122 574 matrimonio
1170 531 1321 591 suo;
1367 531 1516 574 nam
1559 510 1950 596 principibus
1995 509 2108 574 ad-

292 614 505 679 eunda
547 613 803 698 saepius
847 613 1199 699 longinqua
1226 615 1501 701 imperii.
1563 617 1858 700 quotiens
1891 615 2110 680 divum

289 711 659 802 Augustum
690 719 759 784 in
790 717 1194 782 occidentem
1223 725 1417 803 atque
1451 721 1766 785 orientem
1794 721 2107 784 meavisse

290 823 521 887 comite
567 822 784 887 Livia!
842 844 911 887 se
957 844 1215 909 quoque
1260 823 1328 889 in
1370 823 1703 906 Illyricum
1746 823 2109 908 profectum
2127 837 2179 877 30

290 932 375 1010 et,
422 928 475 991 si
516 928 607 991 ita
644 928 981 1010 conducat,
1027 921 1184 990 alias
1229 926 1314 991 ad
1359 934 1588 1012 gentes
1631 927 1888 1010 iturum,
1931 927 2106 993 haud

290 1051 545 1115 semper
600 1051 807 1115 aequo
870 1031 1117 1112 animo,
1178 1030 1232 1094 si
1288 1030 1368 1094 ab
1415 1051 1620 1095 uxore
1675 1031 1996 1095 carissima
2042 1039 2107 1097 et

288 1140 386 1197 tot
446 1133 879 1197 communium
934 1133 1288 1198 liberorum
1343 1141 1611 1220 parente
1673 1134 2106 1202 divelleretur.

289 1238 381 1301 sic
430 1236 746 1301 Caecinae
794 1237 1112 1302 sententia
1156 1238 1352 1302 elusa.

421 1340 525 1405 35.
582 1340 890 1405 Proximo
930 1346 1192 1405 senatus
1229 1341 1336 1407 die
1368 1340 1665 1407 Tiberius
1698 1364 1815 1428 per
1843 1343 2109 1425 litteras,

290 1441 614 1525 castigatis
660 1441 918 1528 oblique
977 1445 1267 1529 patribus
1322 1445 1500 1530 quod
1544 1457 1772 1512 cuncta
1816 1468 2110 1512 curarum

290 1546 374 1611 ad
419 1547 776 1633 principem
818 1547 1167 1631 reicerent,
1220 1548 1332 1613 Μ’.
1377 1549 1697 1635 Lepidum
1744 1557 1810 1615 et
1851 1549 2112 1615 Iunium

288 1653 596 1716 Blaesum
636 1650 1010 1735 nominavit,
1059 1673 1143 1716 ex
1189 1654 1332 1738 quis
1375 1674 1494 1740 pro
1543 1655 1807 1720 consule
1849 1655 2110 1721 Africae

290 1757 639 1842 legeretur.
716 1763 853 1820 tum
896 1757 1117 1821 audita
1162 1758 1498 1822 amborum
1541 1758 1758 1841 verba,
1803 1758 2111 1824 intentius
2132 1778 2157 1818 5

291 1866 641 1925 excusante
687 1882 755 1926 se
803 1860 1077 1945 Lepid0‚
1124 1882 1272 1924 cum
1315 1859 1758 1926 valetudinem
1802 1863 2109 1945 corporis,

288 1971 569 2031 aetatem
613 1966 919 2048 liberum,
981 1965 1268 2030 nubilem
1319 1964 1516 2029 filiam
1575 1965 1959 2029 obtenderet
2016 1966 2112 2029 in-

287 2069 839 2153 tellegereturque
904 2069 1099 2134 etiam
1162 2069 1336 2155 quod
1402 2070 1658 2153 silebat,
1726 2070 2113 2136 avunculum

291 2193 432 2237 esse
478 2172 695 2237 Seiani
736 2172 1045 2236 Blaesum
1090 2180 1286 2258 atque
1333 2193 1412 2237 eo
1461 2173 1922 2265 praevalidum.
2008 2193 2109 2237 re-

290 2276 552 2360 spondit
568 2276 842 2340 Blaesus
864 2277 1081 2362 specie
1106 2278 1481 2361 recusantis,
1514 2278 1629 2343 sed
1652 2297 1862 2361 neque
1885 2276 2114 2342 eadem
2132 2294 2182 2334 10

290 2378 781 2444 adseveratione
830 2385 895 2443 et
940 2399 1261 2445 consensu
1304 2381 1703 2445 adulantium
1747 2380 2025 2445 adiutus.

421 2482 525 2544 36.
587 2481 780 2545 Exim
834 2488 1206 2567 promptum
1262 2485 1438 2569 quod
1480 2486 1829 2550 multorum
1872 2486 2113 2550 intimis

291 2586 619 2670 questibus
681 2587 1041 2670 tegebatur.
1130 2588 1476 2653 incedebat
1534 2590 1702 2653 enim
1766 2588 2110 2655 deterrimo

290 2690 521 2775 cuique
564 2688 824 2754 licentia
868 2691 1129 2775 impune
1177 2692 1415 2777 probra
1452 2697 1519 2756 et
1549 2692 1854 2757 invidiam
1897 2692 1965 2757 in
1994 2693 2110 2757 bo·

289 2815 407 2858 nos
440 2794 765 2859 excitandi
795 2802 1053 2880 arrepta
1079 2796 1363 2881 imagine
1399 2795 1724 2879 Caesaris3
1770 2796 2108 2881 libertique

289 2898 483 2963 etiam
542 2918 617 2962 ac
662 2898 831 2963 servi
874 2903 1147 2982 patrono
1193 2900 1302 2965 vel
1348 2898 1647 2983 domino,
1707 2920 1853 2964 cum
1896 2922 2155 2982 voces,5

290 3023 435 3066 cum
464 3023 689 3067 manus
720 3003 1133 3086 intentarent,
1171 3003 1338 3068 ultro
1370 3004 1840 3070 metuebantur.
1913 3004 2113 3090 igitur

291 3106 364 3169 O.
398 3105 654 3171 Cestius
698 3113 959 3172 senator
1004 3107 1306 3173 disseruit
1348 3108 1670 3194 principes
1717 3107 1976 3193 quidem
2012 3108 2108 3171 in-

290 3216 420 3275 star
480 3209 749 3275 deorum
811 3232 983 3294 esse,
1042 3211 1159 3275 sed
1216 3232 1430 3296 neque
1489 3233 1527 3276 a
1587 3211 1684 3276 dis
1741 3211 1864 3275 nisi
1910 3211 2109 3275 iustas

287 3316 650 3399 supplicum
679 3337 907 3402 preces
936 3316 1148 3381 audiri
1176 3337 1388 3401 neque
1414 3337 1804 3401 quemquam
1828 3314 1894 3377 in
1921 3314 2111 3402 Capi-

286 3419 515 3483 tolium
563 3420 767 3486 aliave
812 3420 989 3485 urbis
1034 3422 1281 3505 templa
1323 3421 1685 3505 perfugere,
1732 3427 1802 3484 ut
1848 3440 1926 3485 eo
1959 3422 2179 3489 sub-10

392 3530 634 3570 Cornelius
659 3532 859 3571 Tacitus.
912 3532 947 3571 1.
1763 3526 1795 3576 8
