2467 3900
345 206 462 262 210
1005 209 1284 250 commu
1309 209 1504 251 'mmm

297 388 473 432 5non
539 367 1071 448 subveniebatur,
1133 369 1496 434 remedium
1558 357 1643 432 ex
1707 367 1902 430 bello.
1990 363 2162 448 rapti

341 472 449 556 qui
475 550 480 554 ¹
507 473 744 537 tributo
807 471 1075 537 aderant
1136 473 1374 538 milites
1439 481 1505 538 et
1569 473 1859 557 patibulo
1924 471 2161 536 adfixi:

338 576 652 642 Olennius
680 576 965 642 infensos
985 576 1140 660 fuga
1160 577 1516 662 praevenit,
1534 582 1847 661 *receptus
1872 575 2161 656 caste110,

339 680 442 743 cui
471 700 706 744 nomen
732 680 1035 762 Flevum3
1069 686 1136 746 et
1165 681 1339 746 haud
1370 681 1735 766 spernenda
1765 681 1897 745 illic
1928 680 2161 745 civium

339 785 785 869 sociorumque
829 805 1053 849 manus
1097 785 1291 850 litora
1336 785 1581 850 Oceani
1624 783 2052 871 praesidebat.

471 890 571 954 73.
620 889 812 964 Quod
847 890 957 955 ubi
987 889 1062 953 L.
1092 888 1385 974 Apronio
1416 889 1735 956 inferioris
1770 887 2158 955 Germaniae

336 1013 454 1077 pro
485 1000 785 1080 praetore
817 994 1166 1077 cognitum,
1203 994 1448 1059 vexilla
1477 992 1807 1076 legionum
1845 1014 1881 1057 e
1914 991 2159 1076 superi·

337 1119 450 1164 ore
496 1099 830 1184 provincia
873 1098 1291 1184 peditumque
1336 1105 1400 1162 et
1432 1098 1720 1182 equitum
1748 1096 2161 1161 auxiliarium

341 1202 628 1268 delectos
693 1203 924 1267 accivit
987 1224 1062 1268 ac
1129 1203 1320 1267 simul
1390 1209 1731 1286 utrumque
1802 1201 2158 1265 exercitum

295 1306 568 1373 5Rheno
635 1305 976 1372 devectum
1031 1306 1257 1371 Frisiis
1314 1306 1529 1370 intulit
1587 1306 1799 1370 soluto
1856 1305 1987 1369 iam
2044 1305 2159 1370 ob-

337 1412 500 1477 sidio
535 1417 603 1475 et
633 1411 716 1476 ad
746 1433 862 1475 sua
891 1411 1162 1475 tutanda
1193 1410 1500 1493 digressis
1530 1409 1902 1474 rebellibus.
1962 1408 2161 1492 igitur

337 1515 634 1600 proxima
691 1513 1009 1578 aestuaria
1061 1513 1407 1596 aggeribus
1468 1519 1533 1576 et
1591 1513 1893 1597 pontibus
1938 1511 2157 1577 tradu-

339 1618 543 1683 cendo
589 1617 873 1702 graviori
920 1618 1159 1701 agmini
1201 1617 1432 1681 firmat.
1517 1622 1707 1701 atque
1752 1617 2011 1680 interim
2054 1637 2157 1680 re-

337 1706 538 1806 pertis
582 1721 766 1785 vadis
811 1722 981 1786 alam
1014 1720 1502 1786 Canninefatem
1536 1728 1600 1785 et
1645 1721 1820 1805 quod
1865 1721 2158 1806 peditum

271 1849 322 1888 ιο
343 1825 810 1892 Germanorum
867 1825 1035 1890 inter
1091 1830 1349 1889 nostros
1396 1825 1687 1889 merebat
1732 1825 2159 1909 circumgredi

337 1939 520 2014 terga
549 1929 829 1995 hostium
859 1929 1057 2013 iubet,
1091 1929 1199 2013 qui
1228 1928 1358 1993 iam
1380 1929 1519 1994 acie
1546 1929 1886 2015 compositi
1908 1930 2157 2016 pellunt

337 2040 579 2099 turmas
653 2033 924 2098 sociales
1001 2033 1378 2117 equitesque
1458 2034 1790 2117 legionum
1870 2034 2155 2098 subsidio

336 2139 585 2203 missos.
660 2144 796 2201 tum
826 2144 957 2201 tres
986 2137 1166 2201 leves
1206 2137 1506 2201 cohortes
1552 2158 1625 2201 ac
1670 2158 1919 2201 rursum
1968 2138 2156 2220 duae,

340 2241 490 2307 dein
547 2247 842 2325 tempore
901 2240 1242 2305 interiecto
1289 2243 1523 2306 alarius
1570 2262 1767 2326 eques
1823 2242 2154 2307 inmissus:

271 2367 321 2406 15
337 2348 488 2411 satis
519 2345 735 2428 validi,
781 2345 835 2408 si
867 2344 1055 2409 simul
1085 2346 1541 2429 incubuissent,
1587 2368 1706 2431 per
1745 2348 2156 2413 intervallum

337 2449 760 2515 adventantes
789 2446 1001 2533 neque
1028 2452 1449 2515 constantiam
1471 2450 1865 2533 *addiderant
1886 2451 2157 2517 turbatis

335 2559 404 2618 et
449 2574 687 2638 pavore
732 2552 1116 2636 fugientium
1149 2556 1623 2620 auferebantur.
1702 2556 1997 2641 Cethego
2028 2556 2153 2621 La-

329 2657 531 2721 ·beoni
561 2658 777 2739 legato
811 2657 1072 2742 quintae
1102 2657 1379 2742 legionis
1411 2659 1585 2743 quod
1622 2660 1939 2744 reliquum
1970 2660 2153 2723 auxi·

333 2762 568 2826 liorum
614 2760 826 2825 tradit.
902 2768 1094 2846 atque
1125 2762 1235 2827 ille
1286 2762 1480 2827 dubia
1518 2783 1780 2828 suorum
1810 2786 1882 2829 re
1929 2765 1995 2828 in
2038 2786 2152 2829 an·

268 2895 321 2934 20
337 2884 489 2951 ceps
537 2873 774 2931 tractus
818 2867 1026 2931 missis
1056 2868 1298 2932 nuntiis
1328 2868 1459 2933 vim
1494 2868 1822 2951 legionum
1869 2869 2151 2953 inplora-

334 2970 462 3036 bat.
520 2977 946 3054 prorumpunt
972 2970 1260 3054 quintani
1291 2976 1439 3035 ante
1470 2972 1631 3035 alios
1664 2978 1729 3037 et
1774 2974 1904 3037 acri
1936 2993 2155 3057 pugna

335 3076 520 3140 hoste
567 3074 751 3158 pulso
799 3067 1118 3157 recipiunt
1149 3076 1431 3140 cohortis
1477 3076 1737 3159 alasque
1768 3076 1968 3142 fessas
2010 3076 2153 3140 vul-

333 3178 614 3242 neribu8.
687 3199 899 3262 neque
949 3177 1080 3240 dux
1112 3176 1447 3243 Romanus
1492 3180 1697 3265 ultum
1743 3179 1817 3242 iit
1860 3185 1967 3243 aut
2012 3200 2152 3243 cor-

333 3302 494 3363 pora
536 3281 843 3363 humavit,
892 3301 1277 3364 quamquam
1320 3282 1506 3345 mult-i
1533 3282 1936 3347 tribunorum
1969 3304 2153 3367 prae-

267 3412 317 3451 25
333 3385 772 3468 scotorumque
833 3390 900 3449 et
954 3384 1241 3467 insignes
1288 3384 1695 3450 centuriones
1740 3386 2145 3451 cecidissent.
