2467 3900
669 221 744 260 AB
771 219 1022 260 Excusso
1049 219 1178 258 DIVI
1205 217 1461 258 AUGUSTI
1485 218 1532 257 H
1560 218 1727 258 1¹7—21.
2039 211 2114 267 69

283 377 614 441 incursant
635 378 912 441 turbant.
960 381 1285 463 postremo
1313 375 1606 459 deligunt
1624 377 1838 441 locum
1857 375 2118 438 flumine

289 487 358 547 et
413 482 588 546 silvis
649 483 968 564 clausum,
1029 488 1167 546 arta
1223 483 1397 546 intus
1442 480 1706 564 planitie
1755 485 1820 544 et
1864 477 2115 543 umida:

289 588 484 653 silvas
529 608 786 673 quoque
832 586 1151 671 profunda
1195 586 1380 671 palus
1427 585 1730 667 ambibat,
1775 583 1901 648 nisi
1945 583 2119 667 quod

284 693 458 756 latus
488 713 686 755 unum
717 689 1090 774 Angrivarii
1123 691 1253 754 alto
1288 709 1525 773 aggere
1560 688 1944 769 extulerant,
1992 707 2118 770 quo

287 819 328 860 a
363 795 702 861 Cheruscis
735 794 1208 858 dirimerentur.
1270 794 1374 856 hic
1401 793 1605 878 pedes
1636 791 1908 856 adstitit:
1944 791 2192 875 equi-10

286 905 422 964 tem
468 899 847 985 propinquis
893 899 1052 964 lucis
1098 905 1346 981 texere,
1391 904 1464 962 ut
1506 898 1815 980 ingressis
1845 897 2126 980 legioni-

291 1004 416 1068 bus
462 1025 501 1067 a
543 1009 730 1087 tergo
778 1004 966 1068 foret.

423 1107 526 1169 20.
571 1107 750 1171 Nihil
797 1127 882 1172 ex
927 1107 1028 1170 his
1069 1107 1331 1171 Caesari
1375 1106 1807 1189 incognitum:
1856 1105 2125 1168 consilia

286 1212 490 1296 locos,
533 1219 834 1298 prompta
881 1213 1134 1277 occulta
1177 1218 1448 1277 noverat
1492 1215 1796 1295 astusque
1840 1211 2124 1274 hostium

287 1317 358 1379 in
402 1316 754 1400 perniciem
795 1317 950 1400 ipsis
979 1317 1295 1382 vertebat.
1364 1315 1514 1380 Seio
1548 1315 1874 1380 Tuberoni
1903 1316 2122 1398 legato

287 1419 488 1483 tradit
546 1420 830 1504 equitem
891 1441 1355 1505 campumque3
1417 1419 1711 1504 peditum
1770 1421 1976 1484 aciem
2036 1421 2126 1482 ita

288 1525 625 1607 instruxit,
690 1529 763 1588 ut
822 1545 971 1609 pars
1035 1545 1243 1609 aequo
1309 1524 1487 1588 aditu
1549 1523 1914 1607 incederet,
1978 1544 2167 1606 parss

291 1627 619 1693 obiectum
665 1648 974 1712 aggerem
1022 1629 1411 1710 eniteretur3
1458 1629 1633 1712 quod
1680 1629 1951 1693 arduum
1983 1626 2124 1708 sibi,

293 1737 510 1797 cetera
536 1721 792 1816 'legatis
838 1735 1148 1819 permisit.
1241 1733 1471 1819 quibus
1518 1734 1709 1818 plana
1756 1738 2125 1814 evenerant,

287 1837 478 1901 facile
539 1837 877 1923 inrupere:
931 1839 1084 1923 'quis
1140 1837 1595 1922 inpugnandus
1650 1858 1883 1922 agger,
1942 1844 2015 1902 ut
2074 1838 2128 1900 si

291 1962 547 2031 murum
579 1940 1025 2026 succederent,
1061 1942 1367 2027 gravibus
1398 1963 1677 2027 superne
1708 1941 1940 2007 ictibus
1975 1963 2125 2007 con-

287 2044 714 2110 flictabantur.
764 2048 966 2111 sensit
991 2047 1124 2113 dux
1147 2048 1440 2131 inparem
1469 2047 1824 2112 comminus
1843 2034 2128 2131 pugnam
2148 2076 2199 2115 ιο

289 2149 687 2233 remotisque
716 2153 979 2235 paulum
1003 2150 1368 2233 legionibus
1391 2151 1750 2215 funditores
1771 2148 2126 2215 libritores-

293 2273 419 2337 que
453 2258 758 2318 excutere
791 2255 924 2319 tela
947 2261 1013 2320 et
1037 2256 1421 2341 proturbare
1445 2256 1703 2320 hostem
1726 2257 1923 2321 iubet.
1977 2255 2147 2319 mis-·

295 2377 403 2421 sae
453 2376 488 2419 e
529 2358 869 2423 tormentis
900 2360 1125 2423 hastae
1157 2364 1527 2443 quantoque
1562 2359 1890 2443 conspicui
1920 2362 2127 2444 magis

293 2465 842 2545 propugnatores,
889 2466 1068 2526 tanto
1116 2462 1408 2547 pluribus
1452 2462 1825 2528 vulneribus
1872 2463 2127 2530 deiecti.

292 2563 538 2648 primus
599 2563 837 2628 Caesar
901 2587 1046 2629 cum
1104 2566 1445 2650 praetoriis
1504 2568 1877 2633 cohortibus
1936 2565 2123 2654 capto
2147 2595 2199 2634 15

293 2668 464 2732 vallo
501 2667 682 2732 dedit
711 2669 1052 2754 impetum:
1105 2672 1358 2757 conlato
1391 2670 1523 2736 illic
1554 2670 1761 2755 gradu
1792 2678 2125 2737 certatum.

292 2773 550 2837 hostem
581 2796 620 2837 a
647 2777 835 2856 tergo
869 2774 1071 2858 palus,
1103 2774 1439 2839 Romanos
1469 2776 1709 2840 flumen
1736 2781 1846 2839 aut
1876 2781 2127 2841 montes

295 2877 715 2942 claudebant:
775 2878 1060 2962 utrisque
1119 2880 1469 2943 necessitas
1529 2902 1566 2943 a
1622 2880 1803 2962 loco,
1865 2900 2013 2963 spes
2060 2882 2128 2945 in

291 2979 556 3063 virtute,
602 2981 775 3044 salus
823 3003 907 3046 ex
952 2982 1244 3047 victoria.

424 3086 526 3148 21.
573 3084 715 3149 Nec
759 3086 970 3149 minor
1005 3083 1349 3150 Germanis
1395 3088 1665 3169 animust,
1721 3086 1836 3150 sed
1882 3106 2125 3169 genere

291 3210 551 3274 pugnae
616 3196 681 3255 et
742 3211 1070 3255 armorum
1129 3193 1629 3277 superabantur,
1695 3212 1840 3256 cum
1899 3193 2153 3276 ingens.

293 3293 639 3358 multitudo
686 3295 1071 3379 praelongas
1102 3294 1317 3359 hastas
1348 3316 1479 3359 non
1510 3295 1949 3380 protenderet,
1994 3316 2127 3359 non

296 3398 632 3483 colligeret
676 3419 887 3484 neque
921 3398 1279 3464 adsultibus
1312 3406 1377 3464 et
1407 3400 1752 3465 velocitate
1785 3419 2128 3483 corporum
