2467 3900
381 238 491 295 122
1036 249 1312 289 CORNELII
1339 248 1535 286 'rAcrH

306 423 356 462 10
376 409 660 468 nostram
718 405 800 468 ad
857 396 1185 473 iuventam
1231 409 1646 472 duraverunt.
1739 407 1979 471 Caesar
2023 406 2196 468 flexo

374 508 441 570 in
471 509 857 573 maestitiam
890 533 1001 576 ore
1048 511 1258 594 (suam
1285 514 1594 579 invidiam
1622 513 1734 577 tali
1753 518 1968 576 'morte
2001 530 2198 594 quae-

377 609 597 694 sitam)
659 615 747 678 M.
794 613 1099 680 Pisonem
1143 623 1335 680 vocat
1379 617 1445 682 in
1491 622 1784 681 senatum
1830 613 2199 696 crebrisque

374 716 986 800 interrogationibus
1032 721 1314 804 exquirit
1372 721 1629 805 qualem
1671 719 1823 783 Piso
1877 717 2050 781 diem
2093 738 2200 779 su·
2247 727 2253 737 '

376 840 668 903 premum
724 829 1107 906 noctemque
1158 825 1504 908 exegisset.
1591 831 1782 908 atque
1825 823 1939 885 illo
1988 821 2200 906 plera-

309 941 358 978 15
378 945 503 1007 que
541 925 883 1009 sapienter,
932 927 1252 1011 quaedam
1295 928 1718 992 inconsultius
1764 924 2200 1010 respondente

377 1028 603 1093 recitat
648 1027 983 1092 codicillos
1030 1053 1067 1094 a
1096 1031 1336 1095 Pisone
1383 1032 1449 1096 in
1480 1032 1650 1096 hunc
1694 1033 1898 1095 ferme
1934 1027 2226 1096 modum.

379 1134 805 1218 compositos:
870 1136 1363 1220 ,conspiratione
1408 1137 1811 1201 inimicorum
1858 1141 1922 1199 et
1959 1131 2202 1197 invidia

378 1236 519 1301 falsi
555 1238 833 1301 criminis
868 1259 1233 1323 oppressuS,
1285 1246 1600 1324 quatenus
1629 1239 1886 1303 veritati
1919 1243 1984 1302 et
2012 1238 2198 1301 inno-

380 1342 627 1406 centiae
691 1364 1003 1427 nusquam
1062 1343 1278 1426 locuS,
1344 1344 1502 1409 deos
1561 1344 1938 1408 inmortales
1997 1345 2201 1404 testor

308 1469 359 1508 20
378 1447 637 1529 vixisse,
687 1446 943 1529 Caesar,
993 1469 1138 1510 cum
1168 1446 1309 1512 'fide
1357 1448 1701 1512 adversum
1731 1453 1794 1512 te
1828 1467 2040 1530 neque
2075 1444 2200 1508 alia

378 1552 445 1614 in
489 1558 759 1616 matrem
818 1556 995 1614 tuam
1038 1553 1283 1637 pietate
1328 1574 1574 1636 vosque
1625 1573 1736 1616 oro
1782 1551 2003 1614 liberis
2052 1570 2200 1613 con-

380 1655 621 1737 sulatiS,
668 1675 753 1718 ex
799 1655 1031 1739 quibus
1064 1656 1181 1720 On.
1213 1656 1364 1720 Piso
1415 1656 1862 1741 qualicumque
1903 1654 2200 1718 fortunae

377 1779 561 1824 meae
606 1781 738 1824 non
782 1759 1152 1842 adiunctus,
1214 1783 1361 1825 cum
1424 1781 1611 1825 omne
1666 1760 1792 1823 hoc
1835 1764 2090 1842 tempus
2135 1758 2200 1821 in

380 1863 535 1927 urbe
585 1865 807 1948 egerit,
853 1866 941 1929 M.
979 1865 1131 1929 Piso
1180 1874 1478 1952 repetere
1525 1864 1776 1929 Suriam
1826 1862 2200 1928 dehortatus

310 1991 361 2028 25
381 1974 499 2033 est.
588 1975 782 2053 atque
840 1971 1086 2034 utinam
1132 1990 1256 2053 ego
1305 1971 1522 2055 potius
1565 1970 1698 2034 filio
1743 1969 1963 2034 iuveni
2011 1989 2202 2051 quam

380 2074 489 2138 ille
536 2074 701 2159 patri
746 2074 885 2138 seni
931 2075 1246 2138 cessisset.
1340 2096 1416 2138 eo
1465 2074 1795 2159 inpensius
1842 2093 2074 2157 precor
2117 2090 2200 2135 ne

381 2179 711 2262 pravitatis
755 2200 999 2264 poenas
1045 2180 1349 2253 innoxius
1401 2180 1556 2242 luat.
1645 2199 1764 2263 per
1810 2178 2091 2262 quinque
2138 2183 2202 2238 et

384 2282 805 2366 quadraginta
850 2303 1163 2346 annorum
1212 2282 1627 2365 obsequium,
1683 2303 1799 2366 per
1860 2280 2203 2364 collegium

385 2386 751 2449 consulatus
810 2386 1134 2469 quondam
1200 2387 1348 2450 divo
1411 2385 1711 2470 Augusto
1777 2386 2028 2470 parenti
2088 2391 2200 2448 tuo

310 2518 365 2557 30
383 2492 689 2575 probatus
737 2495 803 2553 et
848 2491 964 2554 tibi
1010 2492 1252 2554 amicus
1297 2512 1418 2555 nec
1465 2488 1804 2575 quicquam
1848 2493 1998 2574 post
2042 2490 2202 2552 haec

382 2599 725 2677 rogaturus
771 2594 1043 2657 salutem
1074 2595 1348 2659 infelicis
1377 2594 1490 2657 filii
1519 2590 1724 2678 1·og0.‘
1789 2594 1870 2657 de
1896 2593 2204 2657 Plancina

382 2699 541 2763 nihil
587 2698 858 2763 addidit.

516 2805 613 2873 17.
668 2804 827 2867 Post
873 2824 1035 2888 quae
1072 2802 1368 2866 Tiberius
1411 2802 1892 2866 adulescentem
1942 2800 2201 2865 crimine

382 2908 585 2972 civilis
620 2908 777 2972 belli
817 2907 1136 2991 purgavit,
1178 2907 1378 2992 patris
1421 2908 1658 2991 quippe
1705 2907 1878 2969 iussa
1921 2925 2041 2968 nec
2085 2925 2201 2989 po-

380 3014 579 3076 tuisse
624 3012 827 3075 filium
872 3010 1253 3092 detrectare,
1303 3010 1490 3073 simul
1521 3010 1924 3073 nobilitatem
1956 3007 2202 3088 domus,

384 3115 578 3178 etiam
620 3113 822 3197 ipsius
868 3133 1129 3196 quoquo
1178 3112 1372 3176 modo
1420 3113 1631 3176 meriti
1678 3131 1944 3194 gravem
1988 3132 2204 3175 casum

342 3220 738 3283 emiseratus.
829 3239 945 3302 pro
991 3218 1302 3281 Plancina
1363 3239 1508 3281 cum
1552 3216 1803 3302 pudore
1852 3222 1917 3279 ct
1960 3215 2201 3300 flagitio

387 3321 716 3401 disseruit,
762 3322 984 3385 matris
1029 3341 1257 3407 preces
1305 3320 1694 3402 obtendenS,
1741 3321 1807 3384 in
1855 3341 2045 3403 quam
2090 3342 2200 3404 op-

392 3425 529 3488 timi
576 3426 883 3510 cuiusque
930 3426 1161 3489 secreti
1208 3431 1471 3509 questus
1516 3425 1720 3509 magis
1765 3423 2201 3489 ardescebant.
