<?xml version="1.0" encoding="UTF-8"?>
<!DOCTYPE html PUBLIC "-//W3C//DTD XHTML 1.0 Transitional//EN"
    "http://www.w3.org/TR/xhtml1/DTD/xhtml1-transitional.dtd">
<html xmlns="http://www.w3.org/1999/xhtml" xml:lang="en" lang="en">
 <head>
  <title>
</title>
<meta http-equiv="Content-Type" content="text/html;charset=utf-8" />
  <meta name='ocr-system' content='tesseract 3.04.00' />
  <meta name='ocr-capabilities' content='ocr_page ocr_carea ocr_par ocr_line ocrx_word'/>
</head>
<body>
  <div class='ocr_page' id='page_1' title='image "./corneliitacitia00gitlgoog_0060.png"; bbox 0 0 2467 3900; ppageno 0'>
   <div class='ocr_carea' id='block_1_1' title="bbox 339 206 1503 262">
    <p class='ocr_par' dir='ltr' id='par_1_1' title="bbox 339 206 1503 262">
     <span class='ocr_line' id='line_1_1' title="bbox 339 206 1503 262; baseline -0.008 -7"><span class='ocrx_word' id='word_1_1' title='bbox 339 206 415 262; x_wconf 85' lang='lat'>48</span> <span class='ocrx_word' id='word_1_2' title='bbox 1002 208 1280 249; x_wconf 80' lang='lat' dir='ltr'>CORNELII</span> <span class='ocrx_word' id='word_1_3' title='bbox 1307 207 1503 246; x_wconf 72' lang='lat' dir='ltr'>TAcm</span> 
     </span>
    </p>
   </div>
   <div class='ocr_carea' id='block_1_2' title="bbox 269 352 2183 3460">
    <p class='ocr_par' dir='ltr' id='par_1_2' title="bbox 343 352 2169 555">
     <span class='ocr_line' id='line_1_2' title="bbox 343 352 2169 453; baseline -0.002 -19"><span class='ocrx_word' id='word_1_4' title='bbox 343 391 640 453; x_wconf 84' lang='lat' dir='ltr'>caespes3</span> <span class='ocrx_word' id='word_1_5' title='bbox 700 391 833 433; x_wconf 93' lang='lat' dir='ltr'>non</span> <span class='ocrx_word' id='word_1_6' title='bbox 898 369 1175 433; x_wconf 89' lang='lat' dir='ltr'>tentoria</span> <span class='ocrx_word' id='word_1_7' title='bbox 1237 369 1617 453; x_wconf 88' lang='lat' dir='ltr'>manipulis,</span> <span class='ocrx_word' id='word_1_8' title='bbox 1683 389 1812 432; x_wconf 94' lang='lat' dir='ltr'>non</span> <span class='ocrx_word' id='word_1_9' title='bbox 1850 352 2169 431; x_wconf 42' lang='lat' dir='ltr'>&#39;fomenta</span> 
     </span>
     <span class='ocr_line' id='line_1_3' title="bbox 343 471 2168 555; baseline -0.001 -18"><span class='ocrx_word' id='word_1_10' title='bbox 343 474 605 555; x_wconf 80' lang='lat' dir='ltr'>sauciis3</span> <span class='ocrx_word' id='word_1_11' title='bbox 648 473 917 537; x_wconf 87' lang='lat' dir='ltr'>infectos</span> <span class='ocrx_word' id='word_1_12' title='bbox 950 493 1149 536; x_wconf 89' lang='lat' dir='ltr'>caeno</span> <span class='ocrx_word' id='word_1_13' title='bbox 1184 478 1293 536; x_wconf 89' lang='lat' dir='ltr'>aut</span> <span class='ocrx_word' id='word_1_14' title='bbox 1328 492 1553 536; x_wconf 90' lang='lat' dir='ltr'>cruore</span> <span class='ocrx_word' id='word_1_15' title='bbox 1587 472 1764 536; x_wconf 87' lang='lat' dir='ltr'>cibos</span> <span class='ocrx_word' id='word_1_16' title='bbox 1796 471 2168 537; x_wconf 81' lang='lat' dir='ltr'>dividentes</span> 
     </span>
    </p>

    <p class='ocr_par' dir='ltr' id='par_1_3' title="bbox 269 576 2170 764">
     <span class='ocr_line' id='line_1_4' title="bbox 269 576 2170 642; baseline -0.001 -2"><span class='ocrx_word' id='word_1_17' title='bbox 269 601 321 640; x_wconf 84' lang='lat'>35</span> <span class='ocrx_word' id='word_1_18' title='bbox 340 578 626 642; x_wconf 84' lang='lat' dir='ltr'>funestas</span> <span class='ocrx_word' id='word_1_19' title='bbox 670 577 969 641; x_wconf 80' lang='lat' dir='ltr'>tenebras</span> <span class='ocrx_word' id='word_1_20' title='bbox 1018 583 1082 640; x_wconf 90' lang='lat' dir='ltr'>et</span> <span class='ocrx_word' id='word_1_21' title='bbox 1127 581 1225 640; x_wconf 91' lang='lat' dir='ltr'>tot</span> <span class='ocrx_word' id='word_1_22' title='bbox 1281 576 1617 641; x_wconf 91' lang='lat' dir='ltr'>hominum</span> <span class='ocrx_word' id='word_1_23' title='bbox 1663 577 1919 640; x_wconf 88' lang='lat' dir='ltr'>milibus</span> <span class='ocrx_word' id='word_1_24' title='bbox 1962 597 2170 639; x_wconf 93' lang='lat' dir='ltr'>unum</span> 
     </span>
     <span class='ocr_line' id='line_1_5' title="bbox 341 680 1631 764; baseline -0.001 -20"><span class='ocrx_word' id='word_1_25' title='bbox 341 683 468 744; x_wconf 90' lang='lat' dir='ltr'>iam</span> <span class='ocrx_word' id='word_1_26' title='bbox 513 681 830 764; x_wconf 88' lang='lat' dir='ltr'>reliquum</span> <span class='ocrx_word' id='word_1_27' title='bbox 879 680 1046 744; x_wconf 90' lang='lat' dir='ltr'>diem</span> <span class='ocrx_word' id='word_1_28' title='bbox 1094 681 1631 744; x_wconf 81' lang='lat' dir='ltr'>lamentabantur.</span> 
     </span>
    </p>

    <p class='ocr_par' dir='ltr' id='par_1_4' title="bbox 301 785 2177 1702">
     <span class='ocr_line' id='line_1_6' title="bbox 473 785 2171 870; baseline 0.001 -22"><span class='ocrx_word' id='word_1_29' title='bbox 473 787 574 850; x_wconf 81' lang='lat'>66.</span> <span class='ocrx_word' id='word_1_30' title='bbox 639 787 838 851; x_wconf 81' lang='lat' dir='ltr'>Forte</span> <span class='ocrx_word' id='word_1_31' title='bbox 903 807 1105 870; x_wconf 88' lang='lat' dir='ltr'>equus</span> <span class='ocrx_word' id='word_1_32' title='bbox 1168 785 1458 868; x_wconf 82' lang='lat' dir='ltr'>abruptis</span> <span class='ocrx_word' id='word_1_33' title='bbox 1517 785 1789 849; x_wconf 82' lang='lat' dir='ltr'>vinculis</span> <span class='ocrx_word' id='word_1_34' title='bbox 1847 806 2053 869; x_wconf 86' lang='lat' dir='ltr'>vagus</span> <span class='ocrx_word' id='word_1_35' title='bbox 2102 790 2171 849; x_wconf 93' lang='lat' dir='ltr'>et</span> 
     </span>
     <span class='ocr_line' id='line_1_7' title="bbox 345 887 2171 974; baseline -0.002 -20"><span class='ocrx_word' id='word_1_36' title='bbox 345 892 624 954; x_wconf 92' lang='lat' dir='ltr'>clamore</span> <span class='ocrx_word' id='word_1_37' title='bbox 654 890 914 954; x_wconf 87' lang='lat' dir='ltr'>territus</span> <span class='ocrx_word' id='word_1_38' title='bbox 940 889 1257 974; x_wconf 89' lang='lat' dir='ltr'>quosdam</span> <span class='ocrx_word' id='word_1_39' title='bbox 1284 888 1749 952; x_wconf 90' lang='lat' dir='ltr'>occurrentium</span> <span class='ocrx_word' id='word_1_40' title='bbox 1778 887 2171 952; x_wconf 85' lang='lat' dir='ltr'>obturbavit.</span> 
     </span>
     <span class='ocr_line' id='line_1_8' title="bbox 342 991 2171 1077; baseline 0 -21"><span class='ocrx_word' id='word_1_41' title='bbox 342 1000 524 1058; x_wconf 86' lang='lat' dir='ltr'>tanta</span> <span class='ocrx_word' id='word_1_42' title='bbox 565 993 718 1058; x_wconf 93' lang='lat' dir='ltr'>inde</span> <span class='ocrx_word' id='word_1_43' title='bbox 768 993 1200 1058; x_wconf 82' lang='lat' dir='ltr'>consternatio</span> <span class='ocrx_word' id='word_1_44' title='bbox 1250 993 1569 1077; x_wconf 86' lang='lat' dir='ltr'>inrupisse</span> <span class='ocrx_word' id='word_1_45' title='bbox 1620 991 1980 1056; x_wconf 84' lang='lat' dir='ltr'>Germanos</span> <span class='ocrx_word' id='word_1_46' title='bbox 2029 1012 2171 1056; x_wconf 91' lang='lat' dir='ltr'>cre-</span> 
     </span>
     <span class='ocr_line' id='line_1_9' title="bbox 347 1095 2173 1181; baseline -0.002 -19"><span class='ocrx_word' id='word_1_47' title='bbox 347 1098 668 1181; x_wconf 89' lang='lat' dir='ltr'>dentium,</span> <span class='ocrx_word' id='word_1_48' title='bbox 731 1107 804 1163; x_wconf 90' lang='lat' dir='ltr'>ut</span> <span class='ocrx_word' id='word_1_49' title='bbox 863 1098 1071 1163; x_wconf 91' lang='lat' dir='ltr'>cuncti</span> <span class='ocrx_word' id='word_1_50' title='bbox 1131 1101 1395 1161; x_wconf 90' lang='lat' dir='ltr'>ruerent</span> <span class='ocrx_word' id='word_1_51' title='bbox 1440 1095 1522 1159; x_wconf 91' lang='lat' dir='ltr'>ad</span> <span class='ocrx_word' id='word_1_52' title='bbox 1579 1102 1834 1181; x_wconf 87' lang='lat' dir='ltr'>portas,</span> <span class='ocrx_word' id='word_1_53' title='bbox 1898 1116 2173 1178; x_wconf 90' lang='lat' dir='ltr'>quarum</span> 
     </span>
     <span class='ocr_line' id='line_1_10' title="bbox 301 1201 2177 1286; baseline 0.003 -25"><span class='ocrx_word' id='word_1_54' title='bbox 301 1203 702 1266; x_wconf 77' lang='lat' dir='ltr'>5decumana</span> <span class='ocrx_word' id='word_1_55' title='bbox 763 1203 1044 1266; x_wconf 79' lang='lat' dir='ltr'>maxime</span> <span class='ocrx_word' id='word_1_56' title='bbox 1120 1203 1499 1286; x_wconf 88' lang='lat' dir='ltr'>petebatur,</span> <span class='ocrx_word' id='word_1_57' title='bbox 1580 1223 1806 1265; x_wconf 85' lang='lat' dir='ltr'>aversa</span> <span class='ocrx_word' id='word_1_58' title='bbox 1868 1201 2039 1264; x_wconf 88' lang='lat' dir='ltr'>hosti</span> <span class='ocrx_word' id='word_1_59' title='bbox 2105 1207 2177 1266; x_wconf 92' lang='lat' dir='ltr'>et</span> 
     </span>
     <span class='ocr_line' id='line_1_11' title="bbox 343 1305 2173 1391; baseline 0.001 -22"><span class='ocrx_word' id='word_1_60' title='bbox 343 1307 736 1391; x_wconf 86' lang='lat' dir='ltr'>fugientibus</span> <span class='ocrx_word' id='word_1_61' title='bbox 782 1307 1022 1376; x_wconf 63' lang='lat' dir='ltr'>tutior.x</span> <span class='ocrx_word' id='word_1_62' title='bbox 1077 1305 1354 1370; x_wconf 81' lang='lat' dir='ltr'>Caecina</span> <span class='ocrx_word' id='word_1_63' title='bbox 1400 1311 1729 1388; x_wconf 89' lang='lat' dir='ltr'>comperto</span> <span class='ocrx_word' id='word_1_64' title='bbox 1762 1327 1995 1370; x_wconf 84' lang='lat' dir='ltr'>vanam</span> <span class='ocrx_word' id='word_1_65' title='bbox 2027 1327 2173 1370; x_wconf 88' lang='lat' dir='ltr'>esse</span> 
     </span>
     <span class='ocr_line' id='line_1_12' title="bbox 344 1410 2176 1494; baseline -0.001 -19"><span class='ocrx_word' id='word_1_66' title='bbox 344 1410 775 1493; x_wconf 85' lang='lat' dir='ltr'>formidinem,</span> <span class='ocrx_word' id='word_1_67' title='bbox 826 1433 970 1474; x_wconf 92' lang='lat' dir='ltr'>cum</span> <span class='ocrx_word' id='word_1_68' title='bbox 1015 1416 1234 1474; x_wconf 89' lang='lat' dir='ltr'>tamen</span> <span class='ocrx_word' id='word_1_69' title='bbox 1280 1430 1491 1494; x_wconf 92' lang='lat' dir='ltr'>neque</span> <span class='ocrx_word' id='word_1_70' title='bbox 1530 1410 1909 1474; x_wconf 86' lang='lat' dir='ltr'>auctoritate</span> <span class='ocrx_word' id='word_1_71' title='bbox 1955 1431 2176 1494; x_wconf 90' lang='lat' dir='ltr'>neque</span> 
     </span>
     <span class='ocr_line' id='line_1_13' title="bbox 345 1513 2177 1602; baseline 0 -23"><span class='ocrx_word' id='word_1_72' title='bbox 345 1516 664 1602; x_wconf 81' lang='lat' dir='ltr'>precibus,</span> <span class='ocrx_word' id='word_1_73' title='bbox 709 1535 794 1580; x_wconf 92' lang='lat' dir='ltr'>ne</span> <span class='ocrx_word' id='word_1_74' title='bbox 839 1536 1032 1578; x_wconf 89' lang='lat' dir='ltr'>manu</span> <span class='ocrx_word' id='word_1_75' title='bbox 1080 1513 1341 1598; x_wconf 89' lang='lat' dir='ltr'>quidem</span> <span class='ocrx_word' id='word_1_76' title='bbox 1376 1515 1687 1579; x_wconf 88' lang='lat' dir='ltr'>obsistere</span> <span class='ocrx_word' id='word_1_77' title='bbox 1734 1520 1846 1578; x_wconf 90' lang='lat' dir='ltr'>aut</span> <span class='ocrx_word' id='word_1_78' title='bbox 1888 1515 2177 1579; x_wconf 89' lang='lat' dir='ltr'>retinere</span> 
     </span>
     <span class='ocr_line' id='line_1_14' title="bbox 346 1618 2175 1702; baseline 0.001 -21"><span class='ocrx_word' id='word_1_79' title='bbox 346 1618 615 1688; x_wconf 87' lang='lat' dir='ltr'>militem</span> <span class='ocrx_word' id='word_1_80' title='bbox 650 1619 878 1702; x_wconf 87' lang='lat' dir='ltr'>quiret,</span> <span class='ocrx_word' id='word_1_81' title='bbox 924 1619 1252 1702; x_wconf 86' lang='lat' dir='ltr'>proiectus</span> <span class='ocrx_word' id='word_1_82' title='bbox 1284 1620 1348 1682; x_wconf 93' lang='lat' dir='ltr'>in</span> <span class='ocrx_word' id='word_1_83' title='bbox 1393 1619 1613 1683; x_wconf 89' lang='lat' dir='ltr'>limine</span> <span class='ocrx_word' id='word_1_84' title='bbox 1645 1625 1873 1702; x_wconf 89' lang='lat' dir='ltr'>portae</span> <span class='ocrx_word' id='word_1_85' title='bbox 1906 1620 2175 1684; x_wconf 89' lang='lat' dir='ltr'>misera-</span> 
     </span>
    </p>

    <p class='ocr_par' dir='ltr' id='par_1_5' title="bbox 279 1725 2179 2017">
     <span class='ocr_line' id='line_1_15' title="bbox 279 1725 2179 1809; baseline 0.002 -23"><span class='ocrx_word' id='word_1_86' title='bbox 279 1725 524 1796; x_wconf 81' lang='lat' dir='ltr'>lotione</span> <span class='ocrx_word' id='word_1_87' title='bbox 587 1725 882 1807; x_wconf 92' lang='lat' dir='ltr'>demum,</span> <span class='ocrx_word' id='word_1_88' title='bbox 948 1725 1097 1809; x_wconf 90' lang='lat' dir='ltr'>quia</span> <span class='ocrx_word' id='word_1_89' title='bbox 1142 1746 1259 1809; x_wconf 89' lang='lat' dir='ltr'>per</span> <span class='ocrx_word' id='word_1_90' title='bbox 1328 1746 1558 1808; x_wconf 92' lang='lat' dir='ltr'>corpus</span> <span class='ocrx_word' id='word_1_91' title='bbox 1620 1726 1822 1808; x_wconf 88' lang='lat' dir='ltr'>legati</span> <span class='ocrx_word' id='word_1_92' title='bbox 1890 1726 2179 1790; x_wconf 91' lang='lat' dir='ltr'>eundum</span> 
     </span>
     <span class='ocr_line' id='line_1_16' title="bbox 351 1829 2177 1911; baseline 0.001 -19"><span class='ocrx_word' id='word_1_93' title='bbox 351 1834 518 1911; x_wconf 88' lang='lat' dir='ltr'>erat,</span> <span class='ocrx_word' id='word_1_94' title='bbox 580 1829 806 1892; x_wconf 89' lang='lat' dir='ltr'>clausit</span> <span class='ocrx_word' id='word_1_95' title='bbox 851 1829 1055 1892; x_wconf 84' lang='lat' dir='ltr'>viam:</span> <span class='ocrx_word' id='word_1_96' title='bbox 1122 1830 1313 1892; x_wconf 89' lang='lat' dir='ltr'>simul</span> <span class='ocrx_word' id='word_1_97' title='bbox 1368 1829 1607 1893; x_wconf 89' lang='lat' dir='ltr'>tribuni</span> <span class='ocrx_word' id='word_1_98' title='bbox 1654 1835 1719 1893; x_wconf 87' lang='lat' dir='ltr'>et</span> <span class='ocrx_word' id='word_1_99' title='bbox 1765 1831 2177 1896; x_wconf 81' lang='lat' dir='ltr'>centuriones</span> 
     </span>
     <span class='ocr_line' id='line_1_17' title="bbox 347 1932 1593 2017; baseline 0.002 -21"><span class='ocrx_word' id='word_1_100' title='bbox 347 1932 580 1997; x_wconf 85' lang='lat' dir='ltr'>falsum</span> <span class='ocrx_word' id='word_1_101' title='bbox 624 1954 934 2017; x_wconf 83' lang='lat' dir='ltr'>pavorem</span> <span class='ocrx_word' id='word_1_102' title='bbox 983 1954 1126 1997; x_wconf 89' lang='lat' dir='ltr'>esse</span> <span class='ocrx_word' id='word_1_103' title='bbox 1175 1933 1593 2000; x_wconf 81' lang='lat' dir='ltr'>docuerunt..</span> 
     </span>
    </p>

    <p class='ocr_par' dir='ltr' id='par_1_6' title="bbox 307 2036 2183 2959">
     <span class='ocr_line' id='line_1_18' title="bbox 482 2036 2178 2123; baseline 0.001 -22"><span class='ocrx_word' id='word_1_104' title='bbox 482 2040 584 2101; x_wconf 84' lang='lat'>67.</span> <span class='ocrx_word' id='word_1_105' title='bbox 649 2036 830 2101; x_wconf 86' lang='lat' dir='ltr'>Tunc</span> <span class='ocrx_word' id='word_1_106' title='bbox 896 2044 1259 2102; x_wconf 88' lang='lat' dir='ltr'>contractos</span> <span class='ocrx_word' id='word_1_107' title='bbox 1323 2038 1388 2102; x_wconf 95' lang='lat' dir='ltr'>in</span> <span class='ocrx_word' id='word_1_108' title='bbox 1459 2038 1775 2123; x_wconf 91' lang='lat' dir='ltr'>principia</span> <span class='ocrx_word' id='word_1_109' title='bbox 1836 2039 2178 2122; x_wconf 85' lang='lat' dir='ltr'>iussosque</span> 
     </span>
     <span class='ocr_line' id='line_1_19' title="bbox 351 2141 2181 2228; baseline 0.002 -25"><span class='ocrx_word' id='word_1_110' title='bbox 351 2141 523 2205; x_wconf 88' lang='lat' dir='ltr'>dicta</span> <span class='ocrx_word' id='word_1_111' title='bbox 568 2163 711 2205; x_wconf 91' lang='lat' dir='ltr'>cum</span> <span class='ocrx_word' id='word_1_112' title='bbox 758 2142 1012 2206; x_wconf 90' lang='lat' dir='ltr'>silentio</span> <span class='ocrx_word' id='word_1_113' title='bbox 1062 2144 1354 2227; x_wconf 87' lang='lat' dir='ltr'>accipere</span> <span class='ocrx_word' id='word_1_114' title='bbox 1420 2146 1730 2228; x_wconf 90' lang='lat' dir='ltr'>temporis</span> <span class='ocrx_word' id='word_1_115' title='bbox 1776 2166 1851 2207; x_wconf 88' lang='lat' dir='ltr'>ac</span> <span class='ocrx_word' id='word_1_116' title='bbox 1896 2144 2181 2212; x_wconf 89' lang='lat' dir='ltr'>necessi-</span> 
     </span>
     <span class='ocr_line' id='line_1_20' title="bbox 349 2230 2183 2330; baseline 0.002 -23"><span class='ocrx_word' id='word_1_117' title='bbox 349 2247 499 2309; x_wconf 86' lang='lat' dir='ltr'>tatis</span> <span class='ocrx_word' id='word_1_118' title='bbox 559 2252 800 2309; x_wconf 89' lang='lat' dir='ltr'>monet.</span> <span class='ocrx_word' id='word_1_119' title='bbox 890 2268 1083 2310; x_wconf 90' lang='lat' dir='ltr'>unam</span> <span class='ocrx_word' id='word_1_120' title='bbox 1147 2249 1214 2311; x_wconf 94' lang='lat' dir='ltr'>in</span> <span class='ocrx_word' id='word_1_121' title='bbox 1282 2248 1473 2311; x_wconf 87' lang='lat' dir='ltr'>armis</span> <span class='ocrx_word' id='word_1_122' title='bbox 1540 2248 1847 2330; x_wconf 88' lang='lat' dir='ltr'>salutem,</span> <span class='ocrx_word' id='word_1_123' title='bbox 1913 2230 2029 2311; x_wconf 87' lang='lat' dir='ltr'>sed</span> <span class='ocrx_word' id='word_1_124' title='bbox 2098 2268 2183 2311; x_wconf 85' lang='lat' dir='ltr'>ea</span> 
     </span>
     <span class='ocr_line' id='line_1_21' title="bbox 353 2349 2179 2435; baseline 0.001 -22"><span class='ocrx_word' id='word_1_125' title='bbox 353 2350 616 2413; x_wconf 90' lang='lat' dir='ltr'>consilio</span> <span class='ocrx_word' id='word_1_126' title='bbox 666 2349 1088 2435; x_wconf 89' lang='lat' dir='ltr'>temperanda</span> <span class='ocrx_word' id='word_1_127' title='bbox 1133 2351 1651 2434; x_wconf 89' lang='lat' dir='ltr'>manendumque</span> <span class='ocrx_word' id='word_1_128' title='bbox 1697 2352 1867 2415; x_wconf 91' lang='lat' dir='ltr'>intra</span> <span class='ocrx_word' id='word_1_129' title='bbox 1910 2352 2179 2434; x_wconf 82' lang='lat' dir='ltr'>vallum,</span> 
     </span>
     <span class='ocr_line' id='line_1_22' title="bbox 307 2453 2178 2546; baseline 0.004 -32"><span class='ocrx_word' id='word_1_130' title='bbox 307 2453 559 2518; x_wconf 81' lang='lat' dir='ltr'>5donec</span> <span class='ocrx_word' id='word_1_131' title='bbox 597 2454 825 2546; x_wconf 17' lang='lat' dir='ltr'>,hostes</span> <span class='ocrx_word' id='word_1_132' title='bbox 871 2456 1134 2539; x_wconf 91' lang='lat' dir='ltr'>propius</span> <span class='ocrx_word' id='word_1_133' title='bbox 1182 2456 1640 2539; x_wconf 82' lang='lat' dir='ltr'>succederent3</span> <span class='ocrx_word' id='word_1_134' title='bbox 1687 2479 1845 2520; x_wconf 81' lang='lat' dir='ltr'>mox</span> <span class='ocrx_word' id='word_1_135' title='bbox 1888 2457 2178 2542; x_wconf 88' lang='lat' dir='ltr'>undique</span> 
     </span>
     <span class='ocr_line' id='line_1_23' title="bbox 353 2558 2178 2645; baseline 0.002 -23"><span class='ocrx_word' id='word_1_136' title='bbox 353 2558 853 2643; x_wconf 88' lang='lat' dir='ltr'>erumpendum:</span> <span class='ocrx_word' id='word_1_137' title='bbox 888 2560 999 2622; x_wconf 93' lang='lat' dir='ltr'>illa</span> <span class='ocrx_word' id='word_1_138' title='bbox 1023 2561 1362 2644; x_wconf 86' lang='lat' dir='ltr'>eruptione</span> <span class='ocrx_word' id='word_1_139' title='bbox 1388 2558 1469 2623; x_wconf 89' lang='lat' dir='ltr'>ad</span> <span class='ocrx_word' id='word_1_140' title='bbox 1492 2558 1797 2624; x_wconf 91' lang='lat' dir='ltr'>Rhenum</span> <span class='ocrx_word' id='word_1_141' title='bbox 1826 2561 2178 2645; x_wconf 88' lang='lat' dir='ltr'>perveniri.</span> 
     </span>
     <span class='ocr_line' id='line_1_24' title="bbox 351 2663 2180 2750; baseline 0 -23"><span class='ocrx_word' id='word_1_142' title='bbox 351 2663 526 2746; x_wconf 90' lang='lat' dir='ltr'>quod</span> <span class='ocrx_word' id='word_1_143' title='bbox 571 2665 624 2726; x_wconf 91' lang='lat' dir='ltr'>si</span> <span class='ocrx_word' id='word_1_144' title='bbox 668 2664 1002 2748; x_wconf 88' lang='lat' dir='ltr'>fugerent,</span> <span class='ocrx_word' id='word_1_145' title='bbox 1049 2665 1249 2748; x_wconf 88' lang='lat' dir='ltr'>pluris</span> <span class='ocrx_word' id='word_1_146' title='bbox 1296 2665 1521 2746; x_wconf 85' lang='lat' dir='ltr'>silvas,</span> <span class='ocrx_word' id='word_1_147' title='bbox 1569 2664 1921 2750; x_wconf 87' lang='lat' dir='ltr'>profundas</span> <span class='ocrx_word' id='word_1_148' title='bbox 1968 2665 2180 2747; x_wconf 87' lang='lat' dir='ltr'>magis</span> 
     </span>
     <span class='ocr_line' id='line_1_25' title="bbox 348 2766 2179 2853; baseline 0.001 -22"><span class='ocrx_word' id='word_1_149' title='bbox 348 2766 640 2852; x_wconf 88' lang='lat' dir='ltr'>paludes,</span> <span class='ocrx_word' id='word_1_150' title='bbox 687 2769 1018 2833; x_wconf 85' lang='lat' dir='ltr'>saevitiam</span> <span class='ocrx_word' id='word_1_151' title='bbox 1062 2769 1346 2832; x_wconf 90' lang='lat' dir='ltr'>hostium</span> <span class='ocrx_word' id='word_1_152' title='bbox 1394 2790 1763 2853; x_wconf 85' lang='lat' dir='ltr'>superesse3</span> <span class='ocrx_word' id='word_1_153' title='bbox 1812 2775 1878 2832; x_wconf 91' lang='lat' dir='ltr'>at</span> <span class='ocrx_word' id='word_1_154' title='bbox 1913 2770 2179 2833; x_wconf 82' lang='lat' dir='ltr'>victori-</span> 
     </span>
     <span class='ocr_line' id='line_1_26' title="bbox 350 2872 2177 2959; baseline 0.001 -22"><span class='ocrx_word' id='word_1_155' title='bbox 350 2874 468 2937; x_wconf 89' lang='lat' dir='ltr'>bus</span> <span class='ocrx_word' id='word_1_156' title='bbox 536 2872 735 2937; x_wconf 89' lang='lat' dir='ltr'>decus</span> <span class='ocrx_word' id='word_1_157' title='bbox 798 2872 1091 2955; x_wconf 87' lang='lat' dir='ltr'>gloriam.</span> <span class='ocrx_word' id='word_1_158' title='bbox 1184 2894 1348 2957; x_wconf 92' lang='lat' dir='ltr'>quae</span> <span class='ocrx_word' id='word_1_159' title='bbox 1416 2872 1591 2937; x_wconf 92' lang='lat' dir='ltr'>domi</span> <span class='ocrx_word' id='word_1_160' title='bbox 1658 2896 1835 2957; x_wconf 91' lang='lat' dir='ltr'>cara,</span> <span class='ocrx_word' id='word_1_161' title='bbox 1900 2895 2065 2959; x_wconf 88' lang='lat' dir='ltr'>quae</span> <span class='ocrx_word' id='word_1_162' title='bbox 2110 2875 2177 2939; x_wconf 92' lang='lat' dir='ltr'>in</span> 
     </span>
    </p>

    <p class='ocr_par' dir='ltr' id='par_1_7' title="bbox 281 2976 2176 3460">
     <span class='ocr_line' id='line_1_27' title="bbox 281 2976 2176 3059; baseline -0.001 -17"><span class='ocrx_word' id='word_1_163' title='bbox 281 2994 332 3033; x_wconf 93' lang='lat'>10</span> <span class='ocrx_word' id='word_1_164' title='bbox 351 2977 573 3042; x_wconf 90' lang='lat' dir='ltr'>castris</span> <span class='ocrx_word' id='word_1_165' title='bbox 631 2979 906 3041; x_wconf 87' lang='lat' dir='ltr'>honesta</span> <span class='ocrx_word' id='word_1_166' title='bbox 976 2985 1331 3059; x_wconf 83' lang='lat' dir='ltr'>memorat3</span> <span class='ocrx_word' id='word_1_167' title='bbox 1396 2978 1653 3041; x_wconf 90' lang='lat' dir='ltr'>reticuit</span> <span class='ocrx_word' id='word_1_168' title='bbox 1710 2976 1790 3041; x_wconf 89' lang='lat' dir='ltr'>de</span> <span class='ocrx_word' id='word_1_169' title='bbox 1866 2977 2176 3042; x_wconf 88' lang='lat' dir='ltr'>adversis.</span> 
     </span>
     <span class='ocr_line' id='line_1_28' title="bbox 349 3082 2173 3167; baseline -0.003 -19"><span class='ocrx_word' id='word_1_170' title='bbox 349 3104 550 3167; x_wconf 90' lang='lat' dir='ltr'>equos</span> <span class='ocrx_word' id='word_1_171' title='bbox 579 3156 584 3160; x_wconf 45' lang='grc'><em>,</em></span> <span class='ocrx_word' id='word_1_172' title='bbox 613 3082 845 3145; x_wconf 90' lang='lat' dir='ltr'>dehinc</span> <span class='ocrx_word' id='word_1_173' title='bbox 920 3103 1100 3145; x_wconf 90' lang='lat' dir='ltr'>orsus</span> <span class='ocrx_word' id='word_1_174' title='bbox 1163 3104 1201 3145; x_wconf 87' lang='lat' dir='ltr'>a</span> <span class='ocrx_word' id='word_1_175' title='bbox 1266 3082 1395 3145; x_wconf 89' lang='lat' dir='ltr'>suis</span> <span class='ocrx_word' id='word_1_176' title='bbox 1457 3083 1822 3165; x_wconf 85' lang='lat' dir='ltr'>legatorum</span> <span class='ocrx_word' id='word_1_177' title='bbox 1884 3082 2173 3145; x_wconf 91' lang='lat' dir='ltr'>tribuno-</span> 
     </span>
     <span class='ocr_line' id='line_1_29' title="bbox 347 3185 2175 3271; baseline -0.001 -20"><span class='ocrx_word' id='word_1_178' title='bbox 347 3208 618 3271; x_wconf 89' lang='lat' dir='ltr'>rumque</span> <span class='ocrx_word' id='word_1_179' title='bbox 679 3186 856 3250; x_wconf 91' lang='lat' dir='ltr'>nulla</span> <span class='ocrx_word' id='word_1_180' title='bbox 919 3186 1271 3249; x_wconf 87' lang='lat' dir='ltr'>ambitione</span> <span class='ocrx_word' id='word_1_181' title='bbox 1329 3186 1677 3250; x_wconf 87' lang='lat' dir='ltr'>fortissimo</span> <span class='ocrx_word' id='word_1_182' title='bbox 1746 3186 1975 3267; x_wconf 92' lang='lat' dir='ltr'>cuique</span> <span class='ocrx_word' id='word_1_183' title='bbox 2036 3185 2175 3249; x_wconf 92' lang='lat' dir='ltr'>bel-</span> 
     </span>
     <span class='ocr_line' id='line_1_30' title="bbox 346 3289 2173 3373; baseline -0.002 -17"><span class='ocrx_word' id='word_1_184' title='bbox 346 3292 537 3356; x_wconf 86' lang='lat' dir='ltr'>latori</span> <span class='ocrx_word' id='word_1_185' title='bbox 581 3290 809 3373; x_wconf 87' lang='lat' dir='ltr'>tradit,</span> <span class='ocrx_word' id='word_1_186' title='bbox 872 3295 944 3353; x_wconf 93' lang='lat' dir='ltr'>ut</span> <span class='ocrx_word' id='word_1_187' title='bbox 987 3290 1085 3372; x_wconf 92' lang='lat' dir='ltr'>hi,</span> <span class='ocrx_word' id='word_1_188' title='bbox 1154 3311 1311 3354; x_wconf 84' lang='lat' dir='ltr'>mox</span> <span class='ocrx_word' id='word_1_189' title='bbox 1373 3289 1576 3373; x_wconf 90' lang='lat' dir='ltr'>pedes</span> <span class='ocrx_word' id='word_1_190' title='bbox 1635 3290 1703 3354; x_wconf 92' lang='lat' dir='ltr'>in</span> <span class='ocrx_word' id='word_1_191' title='bbox 1760 3289 2014 3353; x_wconf 89' lang='lat' dir='ltr'>hostem</span> <span class='ocrx_word' id='word_1_192' title='bbox 2074 3290 2173 3353; x_wconf 90' lang='lat' dir='ltr'>in-</span> 
     </span>
     <span class='ocr_line' id='line_1_31' title="bbox 350 3394 682 3460; baseline -0.003 0"><span class='ocrx_word' id='word_1_193' title='bbox 350 3394 682 3460; x_wconf 86' lang='lat' dir='ltr'>vaderent.</span> 
     </span>
    </p>
   </div>
  </div>
 </body>
</html>
