2467 3900
375 189 450 245 32
946 169 954 174 ⁸
1045 195 1324 235 CORNELII
1349 196 1547 236 TACITI

377 354 548 436 giam
612 352 759 416 duci
829 359 1045 416 vestro
1117 353 1389 437 gratiam
1448 355 1757 420 refertis?
1833 361 2002 423 hunc
2076 381 2219 444 ego

375 459 670 523 nuntium
714 458 882 542 patri
942 456 1112 520 laeta
1171 459 1383 522 omnia
1428 459 1568 523 aliis
1617 483 1651 524 e
1699 463 2044 546 provinciis
2094 485 2221 527 au-

303 589 358 626 25
380 563 582 626 dienti
625 563 869 625 feram?
916 561 1117 646 ipsius
1161 562 1425 645 tironeS,
1472 562 1669 646 ipsius
1700 569 2043 630 veteranos
2074 588 2219 632 non

377 667 702 749 missione,
748 687 880 731 non
909 667 1184 751 pecunia
1230 667 1530 748 satiatos3
1577 668 1682 731 hic
1714 673 1963 732 tantum
2006 671 2218 735 inter-

374 770 479 835 fici
537 771 981 852 centuriones,
1047 771 1169 834 eici
1229 772 1559 853 tribunos,
1627 759 1869 836 includi
1928 774 2215 857 legatOS,

375 873 614 938 infecta
659 875 968 958 sanguine
1015 880 1224 938 castra
1268 875 1527 938 flumina
1570 896 1803 959 meque
1851 880 2221 961 precariam

377 979 653 1042 animam
697 979 866 1042 inter
908 977 1194 1042 infensos
1242 977 1521 1042 trahere.

507 1085 612 1146 43.
663 1082 794 1147 Cur
826 1083 994 1147 enim
1024 1083 1229 1167 primo
1266 1083 1583 1148 contionis
1620 1084 1724 1148 die
1754 1083 1992 1148 ferrum
2021 1086 2213 1162 illud,

377 1189 553 1274 quod
597 1188 847 1272 pectori
890 1187 1158 1270 infigere
1204 1187 1535 1271 parabam,
1585 1187 1971 1271 detraxistis,
2022 1211 2058 1254 o
2103 1190 2213 1252 in-

377 1292 633 1378 providi
690 1291 921 1355 amici?
983 1291 1212 1354 melius
1260 1298 1326 1355 et
1384 1293 1699 1356 amantius
1756 1293 1865 1358 ille
1910 1295 2020 1378 qui
2064 1295 2211 1378 gla-

379 1398 556 1461 dium
619 1396 952 1460 offerebat.
1064 1397 1439 1460 cecidissem
1512 1401 1686 1460 certe
1756 1397 2045 1460 nondum
2103 1406 2214 1464 tot

331 1502 762 1586 5flagitiorum
821 1500 1134 1564 exercitui
1194 1501 1521 1581 conscius3
1582 1501 1903 1583 legissetis
1952 1501 2207 1586 ducem,

292 1629 296 1633 ’
377 1606 485 1690 qui
527 1625 738 1668 meam
767 1603 1024 1689 quidem
1063 1610 1337 1668 mortem
1367 1604 1722 1688 inpunitam
1754 1605 2011 1686 sineret,
2042 1605 2209 1670 Vari

371 1719 587 1774 tamen
622 1718 688 1774 et
716 1710 908 1773 trium
934 1708 1266 1792 legionum
1292 1707 1727 1771 ulcisceretur.
1789 1729 1998 1792 neque
2031 1709 2208 1772 enim

376 1814 441 1877 di
511 1814 721 1876 sinant
785 1820 855 1876 ut
919 1810 1270 1894 Belgarum
1344 1831 1725 1894 quamquam
1792 1812 2209 1876 offerentium

374 1917 570 1983 decus
614 1916 786 1980 istud
837 1922 903 1981 et
951 1915 1263 1979 claritudo
1315 1915 1428 1996 sit,
1481 1915 1856 1981 subvenisse
1903 1915 2202 1981 Romano

305 2023 648 2103 10nomini,
711 2020 1166 2105 compressisse
1233 2020 1619 2085 Germaniae
1680 2021 1975 2106 populos.
2067 2029 2203 2104 tua,

370 2128 516 2192 dive
563 2126 898 2208 Auguste,
962 2126 1140 2188 caelo
1197 2132 1460 2209 recepta
1521 2145 1739 2207 mens,
1803 2131 1946 2209 tua,
2014 2132 2209 2210 pater

370 2232 606 2313 Druse,
651 2231 886 2311 image,
931 2229 1026 2291 tui
1068 2228 1378 2291 memoria
1422 2227 1630 2292 isdem
1671 2229 1811 2292 istis
1857 2250 2002 2293 cum
2031 2231 2201 2292 mili-

371 2335 575 2412 tibus,
637 2354 798 2418 quos
856 2334 983 2396 iam
1039 2332 1250 2417 pudor
1296 2340 1364 2397 et
1420 2334 1628 2415 gloria
1685 2334 1914 2417 intrat,
1980 2335 2202 2400 eluant

371 2442 536 2504 hanc
579 2438 893 2502 maculam
936 2438 1190 2522 irasque
1224 2438 1446 2502 civiles
1492 2438 1555 2526 in
1594 2438 1860 2501 exitium
1905 2437 2199 2502 hostibus

305 2572 355 2610 16
371 2550 646 2607 vertant.
747 2562 1025 2626 vosque,
1091 2561 1363 2625 quorum
1431 2541 1558 2604 alia
1620 2561 1786 2604 nunc
1852 2562 2001 2623 ora,
2068 2541 2199 2604 alia

371 2654 637 2734 pectora
683 2654 1024 2730 contueor,
1088 2648 1143 2710 si
1185 2647 1439 2731 legatos
1485 2647 1767 2728 senatui,
1816 2646 2200 2731 obsequium

372 2753 778 2836 imperatori,
838 2752 891 2815 si
948 2752 1103 2815 mihi
1160 2752 1503 2835 coniugem
1549 2757 1615 2815 et
1658 2751 1858 2815 filium
1902 2749 2195 2834 redditis,

372 2857 682 2922 discedite
729 2879 766 2921 a
813 2862 1110 2922 contactu
1157 2878 1230 2921 ac
1266 2856 1532 2920 dividite
1578 2853 1904 2918 turbidos:
1951 2854 2020 2917 id
2062 2861 2193 2918 sta-

369 2962 500 3027 bile
546 2960 628 3024 ad
673 2961 1153 3045 paenitentiam,
1199 2960 1266 3023 id
1314 2959 1465 3024 fidei
1508 2959 1834 3024 vinculum
1881 2956 2043 3023 erit.‘

503 3066 606 3127 44.
672 3064 1008 3149 Supplices
1081 3063 1164 3127 ad
1239 3064 1401 3129 haec
1468 3070 1534 3128 et
1592 3084 1747 3126 vera
1814 3064 2195 3148 exprobrari

371 3168 647 3233 fatentes
687 3168 958 3231 orabant
1001 3168 1261 3251 puniret
1289 3166 1540 3248 noxiOS,
1586 3166 2195 3259 ignosceretUIapsis

374 3277 442 3335 et
473 3272 738 3335 duceret
766 3271 833 3332 in
856 3270 1148 3334 hostem:
1179 3272 1596 3334 revocaretur
1617 3271 1916 3351 coniunx,
1948 3271 2194 3336 rediret

372 3376 702 3459 legionum
747 3377 1040 3438 alumnus
1097 3395 1263 3438 neve
1312 3394 1501 3458 opses
1549 3373 1753 3437 Gallis
1810 3375 2192 3439 traderetur.

2069 3470 2075 3491 2
