2467 3900
656 231 729 270 AB
758 229 1009 270 Excnssu
1036 230 1164 269 DIVI
1190 229 1446 269 AUGUSTI
1471 229 1540 267 111
1568 229 1738 268 ’.ιτ-50.
1991 225 2097 279 141

422 395 526 457 49.
594 393 755 457 Fine
826 391 977 455 anni
1041 390 1402 454 Clutorium
1461 389 1752 453 Priscum
1827 388 2110 473 equitem

289 497 655 562 Romanum
713 501 859 582 post
915 495 1170 559 celebre
1219 515 1509 574 carmen,
1571 514 1698 576 quo
1748 491 2113 557 Germanici

294 622 590 686 suprema
642 600 1022 681 defleverat,
1081 598 1354 683 pecunia
1400 597 1707 660 donatum
1751 617 1789 659 a
1835 595 2111 660 Caesare

293 704 598 788 corripuit
658 703 908 768 delator
968 702 1296 766 obiectans
1343 720 1538 783 aegro
1585 701 1800 765 Druso
1850 721 2111 784 compo-

292 810 494 874 suisse
541 807 748 893 quod,
809 809 863 872 si
910 806 1229 871 extinctus
1275 806 1473 886 foret,
1532 805 1776 868 maiore
1823 806 2158 888 praemi05

290 916 682 1000 vulgaretur.
771 912 839 976 id
899 911 1227 977 Clutorius
1289 911 1356 974 in
1421 909 1612 972 domo
1673 909 1748 973 P.
1804 909 2114 991 Petronii,

292 1041 479 1084 socru
543 1019 680 1082 eius
740 1015 1009 1082 Vitellia
1066 1035 1284 1078 coram
1341 1013 1686 1096 multisque
1744 1012 2116 1076 inlustribus

290 1123 575 1204 feminis,
634 1142 751 1206 per
811 1118 1356 1203 vaniloquentiam
1398 1117 1658 1182 iecerat.
1747 1123 1819 1179 ut
1867 1116 2118 1181 delator

294 1227 536 1309 extitit,
590 1224 853 1309 reliquis
898 1223 983 1288 ad
1029 1221 1374 1287 dicendum
1417 1221 1857 1286 testimonium
1903 1227 2114 1284 exter-

292 1333 429 1396 ritis
489 1331 628 1394 sola
670 1329 938 1394 Vitellia
992 1328 1151 1393 nihil
1206 1349 1276 1392 se
1323 1325 1646 1391 audivisse
1693 1324 2115 1390 adseveravit.
2138 1350 2189 1388 10

295 1435 411 1500 sed
457 1433 872 1518 arguentibus
917 1433 1001 1496 ad
1044 1432 1395 1517 perniciem
1438 1432 1583 1516 plus
1625 1430 1780 1494 fidei
1822 1430 1944 1494 fuit
1973 1451 2116 1494 sen-

294 1539 623 1623 tentiaque
668 1537 923 1602 Haterii
950 1535 1284 1621 Agrippae
1331 1535 1609 1599 consulis
1657 1535 1976 1620 designati
2018 1536 2113 1598 in-

298 1642 537 1707 dictum
580 1663 691 1706 reo
738 1642 1033 1706 ultimum
1077 1641 1482 1726 supplicium.

379 1771 396 1780 ”
427 1747 528 1810 50.
595 1745 835 1810 Contra
877 1743 987 1810 Μ’.
1034 1744 1322 1829 Lepidus
1367 1744 1432 1808 in
1475 1745 1646 1810 hunc
1689 1745 1954 1808 modum
2000 1766 2112 1808 ex-

297 1871 479 1914 orsus
526 1854 653 1913 est:
702 1850 810 1932 ,si,
854 1856 1071 1933 patres
1118 1848 1480 1932 conscripti,
1527 1870 1726 1912 unum
1768 1849 1836 1913 id
1866 1854 2115 1934 specta-

292 1978 454 2039 mus,
501 1977 691 2041 quam
709 1947 963 2020 ¹nefaria
992 1976 1153 2020 voce
1190 1954 1514 2019 Clutorius
1544 1954 1803 2018 Priscus
1831 1960 2116 2019 mentem

294 2082 475 2125 suam
532 2065 598 2123 et
642 2080 830 2124 aures
874 2059 1207 2123 hominum
1249 2059 1584 2144 polluerit,
1640 2080 1850 2143 neque
1901 2080 2117 2123 carcer

293 2184 505 2247 neque
561 2163 858 2247 laqueus,
918 2184 1001 2228 ne
1060 2163 1325 2228 serviles
1384 2163 1646 2248 quidem
1691 2166 2006 2227 cruciatus
2050 2164 2161 2227 ins

298 2288 446 2330 eum
477 2266 865 2330 suffecerint.
930 2266 1028 2330 sin
1056 2267 1298 2352 flagitia
1327 2275 1393 2332 et
1421 2267 1705 2331 facinora
1735 2268 1870 2331 sine
1899 2267 2118 2350 mod0,

299 2370 627 2455 suppliciis
685 2392 761 2435 ac
819 2370 1119 2435 remediis
1165 2371 1468 2457 principis
1511 2369 1869 2435 moderatio
1916 2372 2118 2436 maio-

298 2493 568 2557 rumque
629 2479 695 2537 et
751 2478 969 2539 vestra
1013 2476 1318 2559 exempla
1360 2481 1723 2559 temperant
1768 2481 1832 2539 et
1875 2497 2040 2541 vana
2083 2497 2121 2539 a

300 2577 609 2659 scelestiS,
658 2577 829 2643 dicta
860 2598 896 2641 a
925 2576 1254 2642 maleficiis
1283 2578 1607 2661 differunt,
1639 2585 1737 2643 est
1766 2580 1945 2643 locus
1975 2601 2119 2643 sen-

298 2681 573 2764 tentiae,
629 2702 747 2765 per
806 2702 997 2765 quam
1050 2702 1263 2765 neque
1319 2681 1467 2745 huic
1513 2682 1819 2747 delictum
1860 2684 2121 2766 impune
2137 2704 2190 2743 ιο

301 2786 381 2850 sit
428 2791 493 2851 et
525 2806 647 2849 nos
678 2786 1057 2849 clementiae
1090 2786 1279 2849 simul
1310 2807 1384 2850 ac
1416 2784 1775 2852 severitatis
1805 2809 1938 2853 non
1969 2810 2122 2873 pae-

298 2891 519 2954 niteat.
596 2911 788 2975 saepe
834 2890 1052 2954 audivi
1085 2890 1443 2976 principem
1475 2898 1994 2977 conquerentem,
2040 2893 2120 2955 si-

300 2994 441 3079 quis
508 3000 760 3080 sumpta
823 2999 1033 3060 morte
1098 2995 1604 3060 misericordiam
1662 2996 2123 3081 praevenisset.

299 3098 433 3161 vita
477 3096 749 3161 Clutorii
806 3099 873 3163 in
930 3100 1217 3184 integr0,
1281 3099 1391 3184 qui
1449 3120 1659 3184 neque
1719 3105 2007 3164 servatus
2058 3098 2124 3161 in

300 3202 657 3288 periculum
702 3202 795 3265 rei
830 3202 1123 3288 publicae
1154 3224 1368 3287 neque
1399 3203 1773 3269 interfectus
1803 3202 1870 3267 in
1902 3223 2120 3266 exem·
2140 3226 2192 3265 15

302 3307 481 3390 plum
535 3306 671 3371 ibit.
762 3306 975 3370 studia
1029 3306 1152 3388 illi,
1209 3313 1282 3370 ut
1323 3308 1517 3392 plena
1560 3306 1974 3387 vaecordiae,
2032 3306 2123 3371 ita

302 3411 517 3475 inania
574 3416 639 3475 et
693 3412 902 3493 fluxa3
960 3432 1081 3476 nec
1140 3412 1480 3498 quicquam
1523 3431 1720 3494 grave
1766 3431 1839 3474 ac
1885 3398 2145 3476 seriumx
