2467 3900
666 245 742 284 AB
767 245 1019 286 nxonssn
1045 245 1175 300 n1v1
1200 245 1456 286 Aueusm
1480 245 1543 286 ιν
1571 246 1689 285 6—9.
1963 239 2073 298 165

248 404 476 470 dentes
534 406 805 477 honoris·
848 406 1101 490 locique
1147 404 1512 488 admonuit,
1575 411 1642 469 et
1685 399 1963 470 effusum
2007 407 2075 469 in

244 508 540 573 lacrimas
600 513 904 574 senatum
970 510 1143 574 victo
1210 510 1458 594 gemitu
1523 509 1715 572 simul
1760 496 2072 574 'oratione
2093 533 2142 572 10

248 612 549 676 continua
594 615 835 678 erexit:
888 635 1020 677 non
1058 607 1330 697 ¹quidem
1373 604 1498 678 sibi
1541 614 1837 698 ignarum
1881 635 2074 698 posse

246 718 458 802 argui,
521 718 695 802 quod
752 723 885 782 tam
944 708 1189 782 recenti
1248 717 1475 781 dolore
1533 717 1804 782 subierit
1850 719 2072 782 oculos

246 827 542 886 senatus.
586 823 715 885 vix
740 823 1253 907 propinquorum
1295 822 1600 906 adloquia
1631 824 1914 902 tolerari,
1961 824 2074 887 vix

245 925 417 990 diem
472 927 669 1011 aspici
714 949 767 990 a
821 927 1151 1011 plerisque
1195 926 1576 1010 lugentium.
1666 939 1880 1011 neque
1925 928 2072 992 illos

240 1029 681 1093 inbecillitatis
728 1020 1165 1097 damnandos:
1219 1051 1288 1093 se
1332 1035 1551 1094 tamen
1575 1029 1861 1094 fortiora
1905 1031 2072 1094 sola·
2094 1051 2145 1091 ισ

243 1132 341 1195 cia
400 1153 436 1196 e
497 1133 841 1216 complexu
901 1133 995 1197 rei
1048 1133 1346 1218 publicae
1392 1133 1722 1217 petivisse.
1811 1135 2078 1223 misera-

242 1243 477 1321 tusque
498 1237 849 1320 ⁴Augustae
895 1241 1254 1302 extremam
1297 1231 1642 1319 senectam,
1689 1235 1919 1302 rudem
1962 1261 2076 1303 ne-

240 1346 467 1425 potum
514 1347 579 1405 et
622 1347 1001 1426 vergentem
1046 1348 1326 1408 aetatem
1355 1363 1556 1423 suam,
1603 1347 1683 1404 ut
1709 1343 2074 1406 Germanici

240 1444 447 1523 liberi,
492 1446 683 1509 unica
725 1446 1161 1530 praesentium
1198 1447 1514 1509 malorum
1545 1444 1940 1528 levamenta,
1975 1446 2073 1524 in-

244 1547 633 1612 ducerentur
672 1550 923 1633 petivit.
964 1591 967 1597 ·
1000 1551 1246 1633 egressi
1291 1551 1590 1614 consules
1635 1545 1922 1616 firmatos
1961 1552 2073 1615 ad-
2091 1576 2143 1616 ιο

238 1650 460 1735 loquio
490 1652 1015 1718 adulescentulos
1047 1651 1491 1766 deductosque
1539 1661 1691 1720 ante
1727 1649 2073 1722 Caesarem

240 1759 547 1819 statuunt.
624 1757 869 1841 quibus·
886 1751 1235 1854 adprensis
1252 1765 1488 1844 p,'atres
1521 1749 1914 1876 conscripti,
1935 1762 2076 1826 hos‘

238 1860 447 1944 inquit
476 1861 758 1942 ,orbatos
788 1868 1059 1946 parente
1087 1862 1326 1926 tradidi
1353 1870 1587 1948 patruo
1617 1863 1903 1948 ipsorum
1927 1886 2072 1950 pred

240 1974 545 2051 catusque
592 1986 762 2049 sum,
824 1988 1210 2051 quamquam
1259 1973 1430 2031 esset
1471 1967 1566 2030 illi
1603 1969 1877 2053 propria
1907 1970 2068 2032 sub-

238 2072 406 2153 oles,
468 2092 553 2136 ne
622 2092 807 2136 secus
869 2092 1062 2156 quam
1122 2092 1311 2135 suum
1377 2072 1760 2155 sanguinem
1817 2071 2070 2136 foveret
2087 2096 2138 2135 25

236 2175 567 2239 attolleret
609 2175 857 2261 sibique
896 2182 962 2239 et
991 2178 1270 2261 posteris
1313 2163 1763 2241 conformaret.
1817 2183 2066 2261 erepto

236 2280 453 2345 Druso
513 2302 737 2366 preces
796 2281 879 2345 ad
936 2302 1053 2345 vos
1110 2286 1416 2345 converto
1474 2280 1701 2365 disque
1749 2286 1816 2344 et
1859 2281 2070 2365 patria

236 2402 454 2447 coram
500 2386 814 2451 obtestor·
854 2374 1163 2469 Augusti
1208 2392 1639 2470 pronepotes,
1700 2383 2111 2450 clarissimis

236 2487 583 2551 maioribus
612 2490 887 2572 genitOS,
907 2490 1221 2574 suscipite
1251 2490 1480 2587 regite,
1513 2496 1795 2555 vestram
1817 2499 2063 2556 mea-m-

236 2605 361 2676 que
407 2593 616 2657 vicem
653 2582 937 2695 explete.
1005 2594 1087 2658 1ιί
1108 2593 1315 2675 vobis,
1365 2593 1542 2657 Nero
1577 2601 1643 2657 et
1671 2594 1918 2675 Druse,
1950 2616 2062 2679 pa·
2083 2600 2140 2661 30'

233 2703 489 2761 rentum
550 2698 715 2763 loco.
802 2699 896 2761 ita
954 2699 1088 2763 nati
1154 2699 1360 2780 estis,
1404 2704 1477 2762 ut
1537 2700 1710 2763 bona
1766 2702 2062 2784 malaque
2131 2748 2136 2752 -

232 2808 449 2865 vestra
494 2802 575 2866 ad
620 2820 760 2866 rem
805 2790 1129 2887 publicam
1170 2801 1588 2888 pertineant.‘
1809 2813 1818 2821 ‘

366 2907 425 2968 9.
489 2905 726 2988 Magno
762 2928 841 2971 ea
867 2909 1026 2973 fletu
1057 2914 1122 2973 et
1150 2930 1307 2973 mox
1334 2909 1812 3007 precationibus
1840 2909 2062 2975 faustis

234 3009 483 3090 audita,
544 3030 619 3076 ac
670 3011 725 3073 si
768 3011 1049 3075 modum
1082 3013 1355 3077 orationi
1387 3013 1750 3097 posuisset,
1811 3008 2060 3076 miseri-

235 3112 461 3176 cordia
512 3114 610 3177 sui
665 3102 1001 3199 gloriaque
1058 3116 1308 3181 animos
1366 3117 1767 3181 audientium
1811 3114 2060 3199 imple-'-

232 3224 444 3281 verat:
510 3204 593 3283 ad
652 3240 813 3284 vana
870 3226 936 3285 et
993 3221 1232 3285 totiens
1289 3208 1488 3285 inrisa
1544 3210 1910 3300 revolutus,
1948 3217 2058 3281 'de

234 3320 567 3386 reddenda
609 3332 679 3386 re
725 3310 983 3407 publica
1014 3330 1211 3409 utque
1246 3324 1542 3389 consules
1575 3344 1690 3388 seu
1723 3323 1865 3407 quis
1895 3323 2058 3386 alius
2077 3347 2101 3384 5

232 3425 523 3509 regimen
550 3414 965 3513 susciperent,
994 3449 1151 3492 vero
1184 3448 1442 3512 quoque
1475 3434 1540 3492 et
1562 3428 1837 3492 honesto
1860 3426 2055 3493 fidem
