2467 3900
719 236 792 276 AB
822 235 1076 276 nxonssn
1101 235 1230 275 nm
1256 233 1513 276 menen
1538 235 1585 274 11
1611 233 1781 274 27—31.
2080 226 2152 285 75

322 415 431 461 ces
476 415 673 460 voces
717 392 801 458 ad
847 393 1177 458 Tiberium
1209 392 1485 460 tendens
1516 393 1786 458 immoto
1820 392 2001 458 vultu
2036 413 2151 456 ex-

321 499 576 585 cipitur.
652 519 810 564 mox
866 498 1126 563 libellos
1183 503 1249 562 et
1296 503 1592 562 auctores
1637 497 1866 562 recitat
1913 496 2153 562 Caesar

319 604 413 668 ita
475 602 856 686 moderans,
917 621 1002 666 ne
1064 602 1270 666 lenire
1326 622 1492 678 neve
1540 622 1840 686 asperare
1886 602 2155 666 crimina
2171 611 2220 650 1⁰

317 702 669 774 videretur.

451 813 556 876 30.
621 809 1055 876 Accesserant
1110 816 1372 896 praeter
1426 809 1735 876 Trionem
1793 817 1858 875 et
1918 810 2148 876 Catum

317 923 728 982 accusatores
772 915 1086 981 Fonteius
1129 913 1429 999 Agrippa
1487 919 1559 980 >et
1604 915 1675 980 O.
1720 914 1950 980 Vibius
2012 937 2147 981 cer-

315 1021 668 1106 tabantque
747 1020 852 1084 cui
913 1021 1014 1085 ius
1080 1019 1428 1104 perorandi
1489 1019 1556 1083 in
1614 1040 1802 1084 reum
1867 1018 2147 1100 daretur,

319 1125 530 1191 donec
558 1124 818 1208 Vibius,
853 1126 1004 1210 quia
1046 1146 1168 1190 nec
1210 1124 1337 1209 ip‘si
1382 1124 1551 1222 inter
1596 1145 1666 1189 se
1715 1123 2149 1189 concederent

319 1234 387 1294 et
444 1228 608 1294 Libo
677 1229 814 1294 sine
879 1235 1154 1314 patrono
1211 1229 1577 1313 introisset,
1642 1229 2017 1312 singillatim
2076 1250 2190 1294 ses

317 1332 584 1397 crimina
615 1332 1020 1398 obiecturum
1048 1332 1382 1418 professus
1408 1334 1678 1419 protulit
1708 1333 1963 1398 libellos
1994 1352 2147 1397 vae-

319 1436 551 1502 cordes
595 1438 800 1522 adeo,
852 1444 924 1501 ut
970 1438 1434 1503 consultaverit
1476 1438 1639 1503 Libo
1686 1459 1771 1501 an
1812 1437 2148 1502 habiturus

315 1541 487 1606 foret
546 1561 704 1628 opes
751 1543 892 1626 quis
937 1542 1108 1606 viam
1150 1540 1439 1627 Appiam
1482 1542 1897 1607 Brundisium
1940 1562 2145 1626 usque

316 1646 595 1730 pecunia
654 1646 954 1731 operiret.
1043 1647 1299 1711 inerant
1354 1651 1423 1710 et
1484 1646 1611 1711 alia
1652 1645 1921 1711 huiusce
1965 1645 2146 1710 modi

318 1749 556 1814 stolida
614 1771 812 1833 vana,
885 1749 939 1812 si
999 1751 1261 1814 mollius
1320 1749 1680 1835 acciperes,
1758 1749 2143 1815 miseranda.
2163 1769 2215 1808 ιο

315 1854 426 1918 uni
491 1860 708 1920 tamen
742 1926 745 1930 ,
779 1876 973 1920 manu
1033 1855 1301 1920 Libonis
1365 1854 1737 1938 nominibus
1796 1855 2142 1920 Caesarum

315 1966 429 2025 aut
472 1966 841 2025 senatorum
885 1961 1140 2026 additas
1183 1965 1437 2026 atroces
1479 1960 1588 2025 vel
1634 1960 1919 2025 occultas
1958 1965 2145 2024 notas

315 2070 649 2129 accusator
693 2067 1026 2149 arguebat.
1098 2073 1382 2151 negante
1426 2086 1541 2131 reo
1587 2065 1759 2130 haud
1794 2068 2140 2130 noscentes

313 2188 536 2233 servos
579 2190 698 2254 per
741 2174 1066 2235 tormenta
1108 2171 1500 2255 interrogari
1544 2169 1807 2255 placuit.
1882 2174 1950 2234 et
1993 2168 2145 2255 quia

313 2277 537 2336 vetere
586 2279 846 2337 senatus
892 2275 1187 2340 consulto
1233 2275 1527 2359 quaestio
1572 2276 1642 2340 in
1674 2273 2215 2359 caputdomini15

313 2376 811 2461 prohibebatur,
872 2378 1142 2443 callidus
1187 2384 1257 2443 et
1298 2380 1454 2445 novi
1495 2378 1653 2443 iuris
1696 2385 1993 2463 repertor
2036 2377 2144 2440 Ti-

311 2480 531 2545 berius
594 2483 946 2566 mancipari
1009 2482 1301 2566 singulos
1361 2482 1566 2547 actori
1621 2482 1885 2567 publico
1944 2480 2143 2545 iubet.

316 2586 396 2651 ob
458 2606 622 2669 quae
676 2593 1012 2669 posterum
1058 2585 1232 2651 diem
1276 2606 1427 2650 reus
1472 2586 1705 2671 petivit
1750 2585 2143 2670 domumque

314 2688 642 2774 digressus
690 2697 1017 2755 extremas
1060 2712 1291 2776 preces
1334 2691 1411 2756 P.
1443 2690 1737 2765 Quirinio
1777 2694 2142 2777 propinquo

311 2786 429 2858 suo
473 2792 558 2857 ad
604 2795 966 2879 principem
1011 2793 1363 2859 mandavit.
2164 2823 2215 2861 20

442 2899 545 2961 31.
610 2896 1027 2983 Responsum
1075 2904 1174 2963 est
1216 2905 1291 2962 ut
1328 2904 1622 2964 senatum
1649 2905 1934 2983 rogaret.
2012 2901 2142 2964 cin-

312 3002 586 3085 gebatur
642 3004 905 3068 interim
949 3004 1154 3069 milite
1203 3003 1469 3086 domus,
1529 3003 1903 3087 strepebant
1930 3006 2145 3069 etiam

310 3105 378 3168 in
439 3106 800 3189 vestibulo,
847 3112 920 3171 ut
963 3106 1207 3191 audiri,
1273 3113 1344 3171 ut
1389 3108 1589 3192 aspici
1634 3113 1933 3193 possent,
1998 3128 2143 3173 cum

309 3209 473 3275 Libo
535 3211 695 3295 ipsis
755 3232 912 3296 quas
975 3213 1040 3275 in
1099 3212 1519 3279 novissimam
1578 3213 1980 3297 voluptatem
2028 3212 2142 3275 ad-

311 3314 611 3379 hibuerat
657 3316 866 3399 epulis
912 3318 1317 3382 excruciatus
1379 3338 1614 3383 vocare
1673 3336 2140 3402 percussorem,
2161 3346 2185 3383 5

310 3438 620 3503 prensare
641 3440 975 3485 servorum
998 3419 1281 3504 dextras,
1300 3423 1588 3487 inserere
1607 3419 1913 3505 gladium.
1947 3429 2140 3507 atque

1752 3527 1782 3576 5
1798 3520 1832 3555 ab
