2467 3900
323 226 349 280 1
362 228 388 282 1
399 229 434 283 4
979 233 1257 273 connnnn
1284 235 1480 274 TAOITI

450 393 509 455 3.
574 390 867 456 Tiberius
902 395 1095 475 atque
1126 389 1428 474 Augusta
1456 391 1716 476 publico
1749 392 2141 473 abstinuere,

319 495 581 559 inferius
641 495 975 558 maiestate
1030 494 1186 572 rati,
1249 495 1302 559 si
1360 495 1574 579 palam
1618 495 2143 578 lamentarentur,

320 621 398 663 an
457 620 540 664 ne
590 599 793 663 oculis
838 598 1089 662 vultum
1135 598 1569 662 scrutantibus
1613 599 1756 662 falsi
1803 599 2139 683 intellege-

318 709 557 767 rentur.
659 709 933 766 matrem
990 700 1344 766 Antoniam
1415 723 1547 767 non
1611 703 1785 788 apud
1846 709 2142 768 auctores

275 827 552 888 5rerum,
596 828 725 872 non
774 805 1001 870 diurna
1045 813 1337 871 actorum
1375 809 1688 896 scriptura
1716 808 1972 892 reperio
2006 808 2139 871 ullo

316 913 553 996 insigni
602 911 811 993 officio
859 910 1162 994 functam,
1213 933 1358 976 cum
1389 933 1584 997 super
1613 912 2041 997 Agrippinam
2074 918 2140 976 et

315 1017 600 1082 Drusum
646 1022 712 1080 et
744 1014 1085 1081 Claudium
1134 1017 1334 1080 ceteri
1381 1038 1637 1102 quoque
1680 1016 2138 1100 consanguinei

315 1121 696 1185 nominatim
754 1120 1096 1205 perscripti
1155 1120 1310 1202 sint,
1375 1142 1491 1184 seu
1535 1121 1904 1186 valetudine
1951 1141 2136 1204 prae-

315 1226 718 1310 pediebatur,
756 1247 869 1290 seu
900 1225 1107 1289 victus
1138 1224 1317 1290 luctu
1350 1225 1598 1288 animus
1628 1225 2137 1308 magnitudinem

248 1350 299 1389 ιο
315 1331 466 1394 mali
528 1329 815 1413 perferre
862 1328 1004 1392 visu
1045 1350 1179 1393 non
1222 1330 1548 1394 toleravit.
1636 1330 1886 1394 facilius
1933 1330 2138 1395 credi-

316 1435 520 1499 derim
548 1434 806 1498 Tiberio
857 1439 922 1498 et
951 1432 1280 1517 Augusta,
1319 1434 1428 1518 qui
1475 1433 1666 1499 domo
1695 1454 1826 1498 non
1860 1435 2136 1499 excede-

312 1537 488 1621 bant,
537 1536 901 1618 cohibitam,
947 1541 1019 1599 ut
1049 1558 1164 1620 par
1194 1558 1455 1602 maeror
1484 1544 1548 1602 et
1579 1539 1799 1602 matris
1833 1540 2136 1622 exemplo

314 1642 457 1705 avia
503 1661 755 1725 quoque
805 1649 870 1704 et
906 1646 1171 1725 patruus
1218 1643 1476 1706 attineri
1523 1643 1940 1708 viderentur.-

442 1749 504 1810 4.
565 1746 753 1827 Dies,
818 1765 943 1827 quo
1010 1746 1319 1830 reliquiae
1387 1747 1634 1811 tumulo
1695 1746 1976 1830 Augusti
2041 1748 2135 1811 in-

312 1849 701 1931 ferebantur,
748 1849 942 1913 modo
975 1871 1093 1934 per
1124 1851 1450 1914 silentium
1478 1856 1715 1934 vastUS,
1764 1851 1958 1915 modo
1996 1852 2134 1935 plo-

311 1956 553 2020 ratibus
598 1955 881 2039 inquies;
939 1956 1135 2039 plena
1179 1956 1357 2019 urbis
1401 1957 1666 2041 itinera,
1723 1959 2135 2022 conlucentes

312 2081 428 2144 per
474 2080 768 2143 campum
813 2059 1039 2123 Martis
1083 2057 1277 2122 faceS.
1344 2059 1475 2124 illic
1518 2061 1702 2125 miles
1748 2082 1891 2125 cum
1923 2061 2134 2143 armis,

270 2166 449 2229 ssine
509 2164 865 2248 insignibus
923 2163 1368 2247 magistratus,
1427 2163 1704 2248 populus
1761 2186 1874 2249 per
1931 2165 2134 2229 tribus

314 2270 667 2333 concidisse
700 2288 837 2332 rem
860 2268 1199 2352 publicam,
1228 2269 1392 2332 nihil
1413 2270 1552 2352 spei
1575 2269 1892 2353 reliquum
1919 2268 2135 2333 clami-

286 2374 551 2456 tabant,
599 2372 955 2458 promptius
1000 2372 1412 2456 apertiusque
1447 2393 1638 2456 quam
1668 2378 1740 2436 ut
1769 2373 2132 2437 meminisse

311 2478 814 2562 imperitantium
887 2474 1203 2540 crederes.
1307 2476 1468 2541 nihil
1533 2481 1752 2539 tamen
1806 2475 2136 2540 Tiberium

313 2581 516 2664 magis
573 2578 935 2663 penetravit
994 2600 1183 2663 quam
1228 2578 1442 2643 studia
1486 2581 1819 2644 hominum
1865 2600 2135 2645 accensa

244 2713 293 2754 10
311 2686 377 2749 in
407 2682 854 2769 Agrippinam,
901 2702 1049 2746 cum
1079 2682 1274 2748 decus
1301 2684 1569 2767 patriae,
1618 2686 1824 2748 solum
1853 2684 2133 2767 Augusti

312 2789 710 2873 sanguinem,
756 2787 1015 2851 unicum
1062 2788 1456 2871 antiquitatis
1488 2788 1816 2871 specimen
1846 2787 2131 2872 appella-

312 2900 456 2958 rent
516 2893 814 2977 versique
883 2893 966 2956 ad
1028 2893 1273 2957 caelum
1333 2914 1407 2958 ac
1470 2892 1627 2957 deos
1673 2892 1991 2975 integram
2036 2892 2131 2955 illi

312 2999 605 3063 subolem
651 3019 724 3061 ac
771 2999 1183 3081 superstitem
1226 2998 1592 3083 iniquorum
1637 3002 2069 3081 precarentur.

443 3102 503 3165 5.
567 3102 781 3165 Fuere
839 3102 947 3186 qui
992 3101 1234 3187 publici
1278 3103 1521 3166 funeris
1568 3121 1871 3186 pompam
1916 3101 2129 3185 requi-

311 3214 529 3273 rerent
588 3212 1158 3291 compararentque
1222 3228 1386 3290 quae
1445 3207 1511 3269 in
1555 3205 1838 3269 Drusum
1880 3212 2130 3289 patrem

315 3311 685 3375 Gtermanici
728 3312 979 3377 honora
1024 3316 1089 3375 et
1118 3311 1457 3393 magnifica
1485 3308 1820 3393 Augustus
1851 3310 2129 3375 fecisset.

313 3415 522 3499 ipsum
580 3415 816 3499 quippe
874 3415 1225 3500 asperrimo
1287 3414 1516 3478 hiemis
1574 3413 1870 3477 Ticinum
1926 3435 2128 3498 usque
