2467 3900
706 197 781 236 AB
809 195 1061 236 EXOESSU
1088 196 1217 235 DIVI
1245 195 1501 246 AUGUSTI
1527 195 1550 234 1
1579 195 1694 234 2—4.
2066 191 2101 246 3

277 351 589 438 Armenia
635 359 700 418 et
728 355 995 419 vulnere
1042 355 1397 420 invalidum
1434 376 1608 420 mors
1644 355 1775 420 fato
1824 376 2104 441 propera
2123 383 2171 422 15

275 458 385 522 vel
429 478 748 541 novercae
780 457 1004 524 Liviae
1044 457 1232 525 dolus
1276 460 1540 525 abstulit
1583 459 1929 544 Drusoque
1972 458 2102 544 pri-

280 562 432 628 dem
478 565 766 628 extincto
811 562 988 627 Nero
1044 563 1220 629 solus
1266 585 1302 629 e
1362 563 1676 648 privignis
1722 569 1893 647 erat,
1952 565 2105 628 illuc

279 675 510 733 cuncta
552 689 860 752 vergere:
924 669 1124 751 filine,
1185 668 1440 752 collega
1484 669 1773 753 imperii,
1842 687 2107 742 consors

277 771 664 836 tribuniciae
742 772 1080 857 potestatis
1157 772 1518 845 adsumitur
1585 773 1921 858 omnisque
1988 792 2107 856 per

281 875 604 940 exercitus
635 870 1013 959 ostentatur,
1045 896 1177 942 non
1207 877 1517 960 obscuris,
1547 882 1620 940 ut
1650 883 1862 960 antea,
1887 877 2106 966 matris
2126 902 2175 940 20

277 979 544 1061 artibus,
576 979 930 1064 sedpalam
959 979 1241 1044 hortatu.
1309 1001 1458 1044 nam
1488 1001 1713 1045 senem
1736 980 2105 1063 Augustum

280 1082 666 1148 devinxerat
705 1081 894 1164 adeo,
939 1083 1034 1146 uti
1076 1089 1410 1167 nepotem,
1439 1084 1699 1149 unicum
1743 1085 2106 1170 Agrippam

277 1188 664 1271 Postumum
712 1187 778 1251 in
833 1185 1107 1252 insulam
1152 1187 1517 1252 Planasiam
1568 1189 1950 1273 proiecerit,
2000 1209 2105 1252 ru-

282 1291 435 1359 dem
493 1312 647 1356 sane
710 1291 1025 1357 bonarum
1089 1292 1323 1356 artium
1391 1298 1456 1356 et
1518 1295 1754 1359 robore
1818 1293 2107 1379 corporis
2234 1369 2241 1376 ,

280 1396 518 1461 stolide
547 1395 854 1478 ferocem,
898 1394 1138 1460 nullius
1178 1401 1399 1462 tamen
1442 1397 1668 1480 flagitii
1705 1404 2106 1483 conpertum.
2125 1421 2175 1460 25

283 1505 352 1563 at
407 1498 668 1565 hercule
717 1499 1174 1564 Germanicum
1215 1499 1431 1566 Druso
1482 1507 1692 1566 ortum
1740 1510 1887 1568 octo
1923 1489 2108 1588 'apud

279 1603 585 1669 Rhenum
644 1602 1010 1687 legionibus
1063 1603 1350 1688 inposuit
1410 1604 1770 1692 adscirique
1831 1628 1949 1692 per
1992 1607 2109 1672 ad-

281 1707 614 1792 optionem
673 1707 890 1790 iussit,
954 1727 1343 1794 quamquam
1396 1715 1584 1774 esset
1630 1711 1697 1774 in
1745 1710 1939 1777 domo
1998 1711 2107 1776 Ti-

279 1810 444 1876 berii
491 1810 658 1876 filius
705 1811 976 1894 iuveniS,
1023 1811 1141 1876 sed
1185 1833 1313 1897 (1110
1359 1812 1651 1898 pluribus
1698 1816 2109 1882 munimentis

277 1915 626 1981 insisteret.
662 1915 931 2011 ”bellum
979 1937 1056 1981 ea
1098 1922 1483 2002 tempestate
1530 1918 1777 1985 nullum
1824 1921 1946 1985 nisi
1994 1919 2106 1985 ad·
2127 1939 2177 2006 330

282 2042 508 2086 versus
547 2021 908 2105 Germanos
955 2028 1309 2105 supererat,
1356 2021 1712 2087 abolendae
1760 2024 1967 2106 magis
2012 2024 2107 2086 in-

281 2125 518 2191 famiae
553 2125 635 2189 ob
664 2127 982 2203 amissum,
1009 2147 1154 2191 cum
1187 2126 1499 2200 Quintilio
1533 2125 1707 2191 Varo
1748 2127 2106 2192 exercitum

284 2252 477 2315 quam
525 2229 826 2315 cupidine
871 2230 1249 2316 proferendi
1293 2231 1547 2316 imperii
1584 2239 1693 2296 aut
1728 2230 1992 2316 dignum
2028 2234 2107 2297 ob

283 2335 663 2421 praemium.
756 2335 932 2400 domi
1005 2356 1111 2399 res
1182 2336 1599 2421 tranquillae,
1676 2336 1905 2401 eadem
1975 2357 2112 2401 ma-

283 2438 672 2522 gistratuum
747 2439 1100 2521 vocabula3
1193 2438 1477 2504 iuniores
1571 2446 1720 2525 post
1778 2440 2112 2506 Actiacam
2130 2456 2181 2497 ³5

284 2542 659 2625 victoriam,
755 2543 952 2607 etiam
1033 2564 1222 2609 senes
1312 2544 1605 2629 plerique
1689 2545 1858 2611 inter
1941 2530 2137 2621 bella⁴

289 2647 524 2711 civium
581 2647 746 2712 nati:
813 2654 1048 2731 quotus
1110 2647 1379 2733 quisque
1442 2648 1761 2733 reliquae,
1826 2649 1934 2733 qui
1974 2670 2114 2715 rem

287 2751 615 2837 publicam
658 2752 982 2818 vidisset?

417 2858 479 2921 4.
544 2856 755 2940 Igitur
809 2877 998 2921 verso
1063 2856 1341 2921 civitatis
1400 2861 1573 2920 statu
1632 2818 1793 2930 1111111
1838 2879 2112 2943 usquam

288 2959 483 3046 prisci
529 2966 596 3026 et
639 2962 878 3044 integri
925 2962 1162 3026 moris:
1212 2981 1438 3025 omnes
1485 2967 1681 3027 exuta
1727 2963 2114 3048 aequalitate

288 3064 463 3129 iussa
507 3054 812 3150 principis
857 3068 1226 3149 aspectare,
1283 3066 1461 3129 nulla
1518 3066 1584 3129 in
1633 3087 1937 3150 praesens
1984 3068 2114 3131 for·-

289 3168 568 3252 midine,
631 3168 785 3234 dum
829 3167 1167 3253 Augustus
1227 3174 1442 3234 aetate
1487 3168 1739 3234 validus
1799 3192 1996 3257 seque
2052 3178 2117 3236 et

291 3272 559 3338 domum
591 3280 657 3339 et
687 3294 915 3359 pacem
948 3274 1351 3339 sustentavit.
1435 3278 1779 3357 postquam
1808 3282 2159 3359 provectas

288 3376 420 3443 iam
465 3384 763 3443 senectus
794 3398 992 3463 aegro
1030 3384 1094 3443 et
1125 3398 1397 3463 corpore
1442 3377 1831 3460 fatigabatur
1862 3379 2115 3445 aderat·

1719 3484 1747 3531 1
1766 3482 1801 3517 ³*
