2467 3900
360 291 387 346 1
398 289 473 347 76
1041 293 1319 334 cosma
1343 293 1542 334 mmm

356 454 769 520 Thubuscum
830 454 1139 539 oppidum
1204 453 1632 518 circumsidet.
1725 460 1793 517 at
1834 452 2184 517 Dolabella

356 565 686 623 contracto
735 558 910 642 quod
942 564 1081 623 erat
1110 559 1406 640 militum,
1451 564 1700 624 terrore
1731 557 2011 621 nominis
2041 555 2180 622 Ro-

356 663 527 726 mani
586 667 652 726 et
696 661 847 746 quia
889 661 1213 726 Numidae
1259 662 1552 746 peditum
1598 661 1803 726 aciem
1848 661 2015 727 ferre
2061 681 2180 726 ne-

354 770 617 852 queunt,
647 767 855 850 primo
884 766 983 830 sui
1003 767 1260 832 incessu
1289 765 1483 830 solvit
1507 764 1826 830 obsidium
1855 765 2181 830 locorum-

284 893 336 934 10
354 891 480 955 que
501 875 863 954 opportuna
880 870 1306 954 permunivit3
1338 869 1526 934 simul
1548 867 1872 953 principes
1890 869 2178 934 Musula-

352 973 628 1038 miorum
680 972 1111 1038 defectionem
1172 978 1551 1057 coaptantes
1610 972 1821 1037 securi
1877 972 2176 1056 percutit.

356 1071 506 1142 dein
536 1078 684 1162 quia
712 1077 1002 1161 pluribus
1032 1075 1379 1142 adversum
1401 1076 1872 1142 Tacfarinatem
1905 1076 2177 1162 expedi-

352 1181 633 1247 tionibus
678 1181 1007 1263 cognitum
1045 1199 1178 1245 non
1213 1180 1396 1264 gravi
1426 1201 1546 1245 nec
1573 1201 1701 1245 uno
1735 1182 1996 1246 incursu
2025 1203 2176 1247 con-

353 1284 727 1350 sectandum
756 1283 1010 1347 hostem
1043 1303 1300 1367 vagum,
1333 1285 1548 1348 excito
1583 1305 1729 1350 cum
1759 1284 2178 1370 popularibus

283 1411 335 1452 15
351 1409 509 1475 rege
543 1388 924 1454 Ptolemaeo
973 1392 1278 1471 quattuor
1323 1390 1581 1472 agmina
1624 1395 1828 1474 parat,
1874 1410 2037 1474 quae
2083 1390 2177 1454 le-

350 1494 519 1578 gatis
576 1497 688 1556 aut
738 1491 1010 1556 tribunis
1072 1491 1248 1572 data3
1320 1497 1386 1558 et
1447 1492 1890 1577 praedatorias
1949 1513 2176 1559 manus

352 1597 589 1662 delecti
634 1596 1006 1660 Maurorum
1052 1594 1333 1661 duxere:
1392 1597 1532 1680 ipse
1579 1598 1909 1662 consultor
1951 1595 2178 1661 aderat

355 1700 667 1766 omnibus.

482 1805 586 1868 25.
647 1804 712 1870 N
714 1825 788 1869 ec
846 1805 1049 1868 multo
1108 1809 1258 1888 post
1307 1802 1594 1869 adfertur
1635 1803 1954 1869 Numidas
2001 1803 2175 1890 apud

353 1909 685 1975 castellum
718 1909 1117 1990 semirutum,
1162 1907 1246 1973 ab
1277 1907 1430 1993 ipsis
1463 1908 1788 1991 quondam
1819 1908 2176 1991 incensum,

353 2016 455 2079 cui
511 2035 750 2079 nomen
792 2012 1049 2095 Auzea,
1112 2013 1337 2098 positis
1389 2014 1748 2099 mapalibus
1806 2013 2174 2080 consedisse

349 2119 501 2183 fisos
558 2120 703 2185 loco
722 2166 739 2197 ‚
814 2118 965 2203 quia
1024 2118 1221 2181 vastis
1279 2118 1517 2181 circum
1588 2118 1854 2183 saltibus
1917 2119 2178 2185 claude-

309 2226 555 2290 sbatur.
643 2228 781 2288 tum
840 2220 1185 2306 expeditae
1251 2222 1553 2286 cohortes
1609 2222 1912 2307 alaeque,
1984 2243 2176 2307 quam

350 2329 417 2392 in
461 2333 712 2412 partem
774 2325 1162 2391 ducerentur
1219 2325 1516 2409 ignarae,
1581 2324 1707 2390 cito
1770 2328 2027 2410 agmine
2071 2349 2175 2391 ra-

350 2431 631 2516 piuntur.
720 2429 1037 2514 simulque
1095 2436 1366 2514 coeptus
1413 2429 1554 2494 dies
1598 2436 1666 2494 et
1713 2436 2028 2497 concentu
2071 2437 2175 2497 tu-

351 2535 577 2599 barum
631 2554 707 2598 ac
759 2534 925 2597 truci
978 2534 1260 2599 clamore
1315 2533 1584 2598 aderant
1637 2535 2063 2600 semisomnos
2107 2536 2178 2601 in

351 2637 687 2721 barbaros,
751 2636 1145 2723 praepeditis
1188 2636 1618 2703 Numidarum
1676 2639 1858 2723 equis
1917 2645 2030 2703 aut
2076 2640 2175 2703 di-

284 2773 335 2813 ιο
351 2764 573 2808 versos
618 2750 839 2829 pastus
883 2741 1383 2827 pererrantibns.
1453 2743 1532 2808 ab
1570 2741 1884 2809 Romanis
1928 2744 2178 2810 confer-

349 2854 453 2912 tus
498 2846 723 2933 pedes,
771 2846 1119 2933 dispositae
1163 2853 1436 2928 turmae,
1482 2852 1711 2911 cuncta
1740 2848 1990 2932 proelio
2027 2869 2178 2933 pro-

352 2954 518 3019 visa:
580 2952 875 3019 hostibus
927 2958 1150 3018 contra
1194 2951 1484 3016 omnium
1527 2950 1760 3017 nesciis
1803 2962 1935 3016 non
1979 2972 2174 3034 arma,

349 3079 483 3124 non
515 3056 697 3141 ord0‚
731 3076 864 3121 non
895 3055 1254 3136 consilium,
1285 3054 1402 3119 sed
1433 3075 1744 3140 pecorum
1774 3054 1973 3120 modo
2003 3056 2174 3120 trahi

351 3161 561 3228 occidi
607 3161 769 3247 capi.
846 3160 1135 3226 infensus
1177 3160 1367 3225 miles
1409 3161 1724 3227 memoria
1764 3159 2060 3227 laborum
2105 3166 2176 3227 et

282 3300 335 3339 ιε
350 3266 692 3332 adversum
712 3263 1037 3331 eludentis
1062 3269 1324 3350 optatae
1355 3265 1594 3333 totiens
1618 3286 1876 3352 pugnae
1907 3287 1979 3331 se
2004 3265 2177 3351 quis-

352 3391 476 3456 que
521 3370 769 3436 ultione
814 3373 883 3434 et
925 3369 1239 3452 sanguine
1285 3368 1659 3454 explebant.
1728 3369 2022 3434 differtur
2057 3390 2176 3454 per

352 3472 735 3557 manipulos,
778 3471 1247 3538 Tacfarinatem
1295 3493 1538 3553 omnes,
1583 3478 1808 3539 notum
1850 3477 1948 3536 tot
1984 3491 2175 3556 proe-
