2467 3900
357 247 471 303 234
1003 251 1280 293 conunnn
1305 251 1501 291 nom

357 415 536 475 retur
563 417 794 496 sponte
827 418 1140 496 sumptus.
1195 411 1525 476 enimvero
1558 410 1854 475 Tiberius
1881 408 2197 474 foedissi-

357 515 476 578 mis
523 515 1074 580 criminationibus
1123 515 1367 580 exarsit
1400 515 1865 601 impudicitiam
1905 535 2199 598 arguens

362 624 426 682 et
468 617 768 682 Asinium
817 618 1077 684 Gallum
1120 619 1487 684 adulterum
1534 619 1800 704 eiusque
1844 624 2055 684 morte
2099 619 2197 683 ad

358 721 642 786 taedium
699 724 874 787 vitae
937 725 1334 809 conpulsam.
1424 724 1537 789 sed
1585 723 1949 809 Agrippina
1990 725 2197 809 aequi

290 845 338 884 10
357 827 705 911 inpatiens,
755 827 1128 894 dominandi
1173 828 1395 911 avida,
1440 828 1734 893 virilibus
1780 829 1949 892 curis
1991 827 2191 892 femi·-

355 952 579 995 narum
626 932 783 995 vitia
819 938 1111 997 exuerat.
1179 933 1415 997 eodem
1464 931 1567 996 die
1615 929 2004 1036 defun-ctam,
2052 951 2189 1015 quo

358 1035 616 1099 biennio
664 1041 814 1100 ante
861 1035 1134 1102 Seianus
1191 1057 1437 1121 poenas
1483 1035 1741 1117 luisset,
1799 1036 2191 1101 memoriae-

357 1160 480 1223 que
543 1139 612 1204 id
688 1140 1097 1223 prodendum
1173 1139 1424 1204 addidit
1489 1138 1729 1204 Cacsar
1787 1139 2191 1222 iactavitque

357 1243 534 1329 quod
577 1264 708 1308 non
743 1243 975 1327 laqueo
1025 1244 1421 1328 strangulata
1465 1262 1677 1326 neque
1724 1242 1789 1304 in
1824 1240 2189 1306 Gemonias

288 1364 338 1403 1⁵
357 1350 649 1432 proiecta
691 1348 918 1436 foret„
973 1353 1154 1412 actae
1216 1349 1297 1412 ob
1343 1347 1413 1412 id
1456 1354 1675 1431 grates
1722 1347 2187 1430 decretumque

356 1457 427 1515 ut
471 1452 764 1536 quintum
811 1450 1156 1516 decumum
1199 1453 1331 1517 kal.
1376 1451 1800 1541 Novembris,
1846 1450 2187 1533 utriusque

355 1557 535 1621 necis
585 1555 722 1639 die,
783 1576 902 1641 per
963 1555 1170 1620 omnis
1227 1576 1432 1620 annos
1488 1555 1731 1621 donum
1773 1553 1920 1620 Iovi
1964 1573 2185 1618 sacra-

355 1669 554 1724 retur.

486 1763 590 1827 26.
644 1762 843 1826 Haud
887 1764 1088 1828 multo
1135 1771 1287 1850 post
1325 1764 1640 1829 Cocceius
1683 1763 1924 1846 Nerva,
1970 1762 2185 1828 conti-

356 1889 520 1931 nuus
563 1867 866 1953 principi,
913 1866 1112 1932 divini
1155 1867 1550 1953 humanique
1594 1867 1751 1930 iuris
1798 1867 2026 1950 scienS,
2080 1868 2185 1931 in-

353 1978 540 2057 tegro
587 1978 778 2053 statu,
825 1992 1104 2057 corpore
1147 1972 1429 2054 inlaeso,
1474 1970 1795 2037 moriendi
1835 1971 2183 2036 consilium

355 2078 544 2162 cepit.
611 2077 787 2162 quod
816 2082 890 2141 ut
916 2077 1176 2141 Tiberio
1207 2078 1556 2163 cognitum,
1589 2076 1908 2159 adsidere,
1950 2096 2179 2139 causas

311 2182 716 2265 srequirere,
761 2179 1002 2246 addere
1048 2202 1308 2265 preces,
1357 2180 1545 2247 fateri
1592 2185 1925 2266 postremo
1973 2200 2179 2265 grave

353 2283 804 2365 conscientiae,
849 2303 1046 2368 grave
1090 2284 1303 2351 famae
1342 2307 1517 2366 suae,
1565 2286 1615 2348 si
1644 2284 1981 2370 proximus
2012 2284 2177 2347 ami-

354 2406 575 2452 corum
632 2388 827 2451 nullis
882 2388 1206 2453 moriendi
1248 2385 1603 2455 'rationibus
1648 2390 1848 2453 vitam
1892 2376 2179 2471 fugeret.

355 2498 686 2556 aversatus
731 2513 1095 2557 sermonem
1123 2492 1344 2557 Nerva
1376 2492 1829 2557 abstinentiam
1861 2492 1986 2557 cibi
2016 2510 2177 2556 con-

355 2596 588 2660 iunxit.
659 2596 954 2661 ferebant
997 2598 1182 2681 gnari
1220 2598 1685 2682 cogitationum
1724 2596 1883 2679 eius,
1929 2601 2173 2679 quanto

283 2720 330 2758 ιο
349 2699 617 2783 propius
675 2700 846 2763 mala
889 2702 986 2765 rei
1031 2701 1328 2785 publicae
1387 2702 1655 2780 viseret,
1716 2700 1811 2765 ira
1856 2706 1923 2764 et
1970 2704 2173 2781 metu,

353 2800 507 2866 dum
555 2804 842 2886 integer,
889 2802 1040 2867 dum
1088 2804 1539 2888 intemptatus,
1583 2804 1931 2869 honestum
1973 2803 2174 2869 finem

346 2906 646 2971 voluisse.

477 3008 780 3075 Ceterum
804 3010 1202 3095 Agrippinae
1232 3010 1574 3095 pernicies,
1600 3010 1778 3094 quod
1808 3011 1921 3074 vix
1953 3010 2166 3076 credi-

343 3112 494 3195 bile,
538 3113 914 3178 Plancinam
957 3115 1173 3178 traxit.
1238 3120 1443 3199 nupta
1487 3115 1639 3178 olim
1674 3114 1793 3179 On.
1830 3114 2055 3178 Pisoni
2100 3121 2172 3179 et

277 3246 328 3285 ιε
345 3218 557 3303 palam
600 3220 772 3281 laeta
816 3222 1024 3281 morte
1064 3216 1452 3301 Germanici,
1499 3238 1644 3282 cum
1680 3218 1832 3283 Piso
1880 3216 2167 3301 caderet,

343 3321 642 3405 precibus
686 3320 1021 3405 Augustae
1077 3342 1196 3386 nec
1253 3322 1460 3387 minus
1517 3322 1867 3389 inimicitiis
1922 3321 2165 3407 Agrip·-

345 3425 534 3508 pinae
584 3424 848 3490 defensa
895 3432 1054 3489 erat.
1130 3432 1202 3490 ut
1251 3425 1473 3491 odium
1520 3432 1585 3491 et
1629 3427 1839 3510 gratia
1887 3426 2163 3508 desiere,
