2467 3900
698 251 773 289 AB
802 248 1053 289 Excssssu
1080 247 1209 286 D1v1
1238 229 1492 287 At'JGUSTI
1516 245 1540 284 1
1567 245 1738 284 12-15.
2044 240 2119 296 13

293 408 591 473 tramisit.
678 407 1014 490 fessusque
1061 404 1344 468 clamore
1394 403 1697 485 omnium,
1747 403 2119 487 expostula-

295 514 474 578 tione
519 510 919 594 singulorum
947 509 1130 574 flexit
1167 508 1499 592 paulatim,
1544 509 1777 572 non'ut
1812 507 2124 572 fateretur

298 617 535 700 suscipi
581 638 620 680 a
663 637 732 680 se
779 615 1157 698 imperium,
1218 612 1338 678 sed
1380 620 1453 678 ut
1510 635 1749 697 negare
1797 619 1863 677 et
1906 613 2191 696 rogari25

301 721 647 786 desineret.
751 723 1002 784 constat
1064 717 1447 798 Haterium,
1513 738 1660 781 cum
1727 716 2121 802 deprecandi

303 847 496 890 causa
555 824 876 888 Palatium
933 822 1268 887 introisset
1325 822 1838 906 ambulantisque
1883 820 2125 886 Tiberii

301 949 515 1014 genua
545 925 1020 1008 advolveretur,
1049 947 1256 1010 prope
1289 946 1326 988 a
1357 926 1666 991 militibus
1696 926 2124 1007 interfectum,

303 1032 454 1116 quia
482 1030 776 1095 Tiberius
809 1050 961 1094 casu
993 1049 1075 1093 an
1112 1029 1407 1093 manibus
1440 1029 1577 1092 eius
1611 1027 1937 1113 inpeditus
1972 1049 2123 1114 pro-

306 1135 568 1200 ciderat.
647 1154 858 1217 neque
893 1139 1110 1198 tamen
1141 1133 1430 1218 periculo
1463 1132 1609 1197 talis
1640 1133 1761 1196 viri
1796 1132 2125 1216 mitigatus
2143 1156 2195 1194 30

308 1246 426 1320 est,
458 1239 665 1303 donec
686 1237 996 1302 Haterius
1017 1236 1385 1320 Augustam
1410 1241 1622 1302 oraret
1652 1236 1916 1320 eiusque
1943 1257 2125 1301 cura-

308 1343 568 1408 tissimis
613 1341 914 1426 precibus
961 1348 1437 1427 protegeretur.

444 1449 544 1510 14.
606 1445 813 1510 Multa
870 1457 1127 1530 patrum
1173 1452 1241 1510 et
1299 1447 1365 1510 in
1409 1446 1775 1529 Augustam
1819 1445 2127 1511 adulatio,

310 1551 420 1615 alii
463 1555 830 1635 parentem,
891 1549 1000 1612 alii
1047 1555 1319 1613 matrem
1362 1550 1608 1634 patriae
1655 1549 2129 1636 appellandam,

311 1655 601 1740 plerique
645 1661 717 1718 ut
760 1654 1007 1719 nomini
1047 1653 1341 1719 Caesaris
1386 1654 1858 1720 adscriberetur
1902 1654 2129 1737 ,Iuliae

310 1757 496 1825 filius‘
561 1761 930 1825 censebant.
1048 1759 1159 1824 ille
1235 1760 1669 1852 moderandos
1745 1760 2128 1825 feminarum

309 1865 592 1929 honores
615 1862 914 1928 dictitans
935 1862 1291 1948 eademque
1319 1885 1389 1928 se
1416 1864 1843 1948 temperantia
1864 1885 2128 1929 usurum
2149 1889 2174 1927 ⁶

311 1970 378 2034 in
421 1970 500 2033 iis
546 1990 711 2053 quae
755 1969 879 2032 sibi
923 1968 1382 2051 tribuerentur,
1430 1975 1716 2033 ceterum
1762 1970 1992 2034 anxius
2036 1969 2133 2034 in-

312 2073 486 2138 vidia
531 2081 597 2139 et
641 2073 956 2137 muliebre
1001 2073 1331 2157 fastigium
1375 2074 1441 2138 in
1479 2072 1990 2140 deminutionem
2037 2075 2135 2139 sui

313 2178 637 2262 accipiens
682 2197 764 2241 ne
810 2177 1106 2241 lictorem
1150 2176 1412 2261 quidem
1462 2178 1721 2243 decerni
1766 2200 1992 2262 passus
2038 2185 2137 2245 est

311 2302 618 2367 aramque
691 2280 1060 2365 adoptionis
1121 2288 1187 2346 et
1239 2281 1363 2344 alia
1420 2280 1686 2346 huiusce
1748 2281 1928 2346 modi
1986 2303 2135 2368 pro-

313 2385 538 2450 hibuit.
631 2392 698 2450 at
744 2384 1127 2450 Germanico
1179 2384 1439 2449 Caesari
1499 2387 1958 2468 proconsulare
2014 2386 2205 2453 im-·1o

313 2489 568 2575 perium
597 2488 849 2571 petivit,
882 2487 1182 2571 missique
1215 2488 1417 2571 legati
1438 2490 1548 2572 qui
1572 2489 1916 2573 deferrent,
1947 2490 2136 2554 simul

313 2591 701 2657 maestitiam
749 2590 828 2654 ob
861 2611 1200 2654 excessum
1226 2590 1510 2675 Augusti
1554 2593 1936 2658 solarentur.
2010 2613 2136 2679 quo

318 2697 525 2761 minus
584 2695 762 2760 idem
817 2716 934 2780 pro
995 2693 1212 2760 Druso
1266 2695 1735 2779 postularetur,
1810 2718 1888 2762 ea
1947 2717 2140 2762 causa

317 2799 493 2888 quod
539 2800 913 2884 designatus
945 2800 1169 2872 consul
1214 2818 1651 2884 praesensque
1684 2805 1843 2865 erat.
1920 2800 2139 2866 candi-

319 2903 506 2969 datos
548 2908 889 2989 praeturae
952 2903 1296 2967 duodecim
1358 2904 1743 2986 nominavit,
1801 2925 2139 2971 numerum
2159 2936 2211 2974 15

317 3009 400 3073 ab
445 3010 746 3092 Augusto
796 3008 1135 3089 traditum3
1184 3013 1253 3071 et
1295 3010 1595 3073 hortante
1642 3015 1870 3074 senatu
1912 3014 1986 3072 ut
2028 3031 2140 3074 au-

317 3116 525 3197 geret,
575 3112 714 3176 iure
746 3110 1019 3175 iurando
1062 3111 1406 3176 obstrinxit
1436 3132 1505 3175 se
1539 3134 1672 3177 non
1704 3133 2142 3178 excessurum.

457 3218 556 3280 15.
618 3216 786 3279 Tum
829 3215 1108 3300 primum
1154 3236 1189 3279 e
1237 3234 1465 3299 campo
1500 3214 1762 3279 comitia
1797 3215 1880 3280 ad
1924 3222 2143 3300 patres

318 3321 660 3385 translata:
722 3342 872 3385 nam
918 3321 1002 3384 ad
1049 3340 1192 3385 eam
1241 3319 1432 3402 diem,
1500 3320 1623 3384 etsi
1666 3320 1999 3404 potissima
2043 3342 2142 3385 ar-

318 3424 508 3489 bitrio
559 3423 896 3509 principis,
957 3423 1277 3515 quaedam
1325 3431 1542 3489 tamen
1586 3422 1812 3488 studiis
1861 3424 2142 3489 tribuum
