2467 3900
362 252 475 309 206
1005 256 1283 297 connnnn
1308 256 1505 296 'rAcrr1

361 419 572 480 aestas
614 413 682 478 in
724 413 1052 478 favonium
1100 414 1372 480 obversa
1408 422 1475 479 et
1519 420 1745 499 aperto
1794 415 2031 480 circum
2062 435 2189 498 pe-

358 519 508 604 lago
564 539 981 604 peramoena3
1040 519 1621 604 prospectabatque
1679 519 2187 604 pulcherrimum

291 647 341 686 15
361 623 590 705 sinum,
635 627 980 706 antequam
1008 620 1333 702 Vesuvius
1364 643 1548 687 mons
1580 622 1923 689 ardescens
1950 623 2190 686 faciem

360 727 489 790 loci
544 730 849 790 verteret.
943 724 1229 790 Graecos
1290 748 1365 790 ea
1424 728 1711 791 tenuisse
1771 727 2192 811 Capreasque

360 828 662 895 Telebois
706 829 1027 894 habitatas
1069 830 1245 894 fama
1274 831 1492 894 tradit.
1568 819 1686 895 sed
1716 839 1854 896 tum
1884 830 2195 896 Tiberius

364 933 710 998 duodecim
769 934 1068 1000 villarum
1125 934 1493 999 nominibus
1552 941 1619 999 et
1675 935 1953 1001 molibus
2010 934 2191 999 inse-

365 1037 568 1118 derat,
613 1057 805 1122 quam
850 1037 1136 1101 intentus
1184 1036 1339 1102 olim
1368 1035 1657 1122 publicas
1686 1037 1771 1102 ad
1804 1059 2005 1120 curas,
2050 1045 2188 1102 tam

295 1163 345 1202 20
363 1142 428 1205 in
488 1141 680 1206 luxus
745 1141 812 1205 et
871 1138 1112 1204 malum
1173 1140 1379 1224 otium
1439 1141 1783 1206 resolutus.
1884 1142 2197 1206 manebat

318 1276 320 1278 ’
366 1247 601 1331 quippe
648 1244 1086 1329 suspicionum
1133 1250 1198 1308 et
1245 1245 1552 1308 credendi
1597 1245 1945 1328 temeritaS,
1994 1265 2193 1330 quam

365 1351 633 1416 Seianus
677 1369 915 1432 augere
961 1351 1156 1413 ctiam
1213 1349 1284 1412 in
1327 1350 1487 1414 urbe
1534 1355 1757 1439 suetus
1801 1349 2008 1414 acrius
2053 1356 2195 1413 tur·-

362 1457 559 1522 babat
598 1477 730 1520 non
773 1455 900 1520 iam
948 1455 1216 1520 occultis
1263 1453 1608 1518 adversum
1651 1454 2077 1539 Agrippinam
2124 1462 2201 1516 et

364 1559 695 1625 Neronem
759 1557 1028 1622 insidiis.
1133 1559 1276 1644 quis
1350 1558 1608 1624 additus
1676 1559 1861 1622 miles
1930 1558 2201 1623 nuntios

299 1689 350 1728 25
365 1663 681 1744 introitus,
729 1668 952 1747 aperta
987 1669 1240 1728 secreta
1270 1663 1449 1728 velut
1478 1664 1545 1729 in
1575 1665 1838 1729 annales
1867 1663 2201 1728 referebat

367 1767 664 1851 ultroque
709 1765 1117 1831 struebantur
1175 1768 1285 1851 qui
1328 1773 1671 1833 monerent
1714 1765 2057 1851 perfugere
2106 1766 2193 1831 ad

373 1870 758 1936 Germaniae
804 1870 1126 1936 exercitus
1153 1871 1261 1936 vel
1290 1870 1711 1937 celeberrimo
1756 1873 1879 1936 fori
1912 1871 2197 1957 effigiem

373 1975 504 2041 divi
559 1974 837 2060 Augusti
900 1977 1204 2060 amplecti
1262 1978 1705 2062 populumque
1764 2000 1839 2043 ac
1898 1985 2197 2043 senatum

371 2080 614 2145 auxilio
659 2100 916 2144 vocare.
991 2101 1193 2164 eaque
1225 2087 1443 2165 spreta
1471 2081 1551 2145 ab
1588 2082 1736 2164 illis,
1781 2082 1961 2147 velut
2006 2103 2200 2166 para-

307 2210 358 2250 30
373 2189 538 2267 rent,
585 2182 1044 2249 obiciebantur.

509 2288 611 2349 68.
672 2287 863 2352 Iunio
923 2287 1139 2351 Silano
1203 2294 1269 2352 et
1329 2288 1485 2353 Silio
1545 2289 1765 2355 Nerva
1826 2289 2205 2355 consulibus

379 2389 642 2455 foedum
672 2390 820 2453 anni
845 2390 1228 2475 principium
1260 2392 1520 2459 incessit
1547 2400 1751 2459 tracto
1774 2396 1840 2460 in
1872 2416 2199 2460 carcerem

383 2493 633 2558 inlustri
663 2494 876 2577 equite
907 2493 1226 2579 Romano,
1262 2497 1409 2561 Tito
1442 2497 1702 2581 SabinO,
1738 2500 1819 2564 ob
1854 2498 2201 2564 amicitiam

389 2597 754 2665 Germanici
771 2618 792 2661 e
835 2620 1047 2684 neque
1093 2601 1267 2665 enim
1312 2603 1617 2667 omiserat
1660 2602 2003 2686 coniugem
2036 2603 2203 2667 libe-

345 2723 620 2787 5rosque
651 2704 1004 2788 percolere,
1040 2712 1324 2771 sectator
1355 2704 1553 2788 domi,
1581 2727 1799 2771 comes
1826 2706 1893 2769 in
1924 2707 2209 2791 publicO,

387 2813 537 2893 post
578 2812 678 2872 tot
721 2807 988 2874 clientes
1015 2832 1181 2875 unus
1213 2831 1423 2895 eoque
1454 2810 1629 2896 apud
1673 2810 1878 2874 bonos
1908 2810 2209 2875 laudatus

390 2917 454 2977 et
497 2910 714 2996 gravis
745 2910 999 2997 iniquis.
1071 2914 1243 2977 hunc
1272 2913 1564 2980 Latinius
1593 2914 1889 2998 LatiariS,
1935 2914 2209 2979 Porcius

393 3015 552 3081 Cato
571 3066 588 3099 ,
633 3016 906 3081 Petilius
947 3016 1186 3100 Rufus,
1242 3018 1329 3081 M.
1378 3018 1615 3104 Opsius
1658 3024 1963 3103 praetura
2005 3017 2207 3084 functi

389 3120 875 3205 adgrediuntur,
915 3122 1218 3205 cupidine
1262 3122 1661 3206 consulatus,
1708 3120 1792 3187 ad
1837 3140 2030 3205 quem
2072 3140 2207 3186 non

322 3252 372 3291 10
389 3225 515 3289 nisi
574 3246 694 3309 per
753 3225 1057 3290 Seianum
1119 3225 1364 3289 aditus:
1434 3246 1647 3311 neque
1721 3224 2021 3291 voluntas
2082 3222 2208 3287 nisi

391 3326 635 3393 scelere
679 3329 1128 3413 quaerebatur.
1219 3330 1644 3415 compositum
1700 3330 1871 3394 inter
1914 3332 2091 3414 ipsos
2135 3333 2213 3391 ut

393 3430 698 3515 Latiaris,
757 3433 866 3517 qui
923 3434 1178 3498 modico
1239 3455 1360 3498 usu
1404 3432 1709 3499 Sabinum
1775 3432 2212 3515 contingebat,
