2467 3900
676 269 751 308 AB
776 265 1028 309 EXCESSU
1056 269 1185 310 DIVI
1208 269 1466 309 AUGUSTI
1491 269 1561 308 111
1586 268 1754 308 40—43.
2015 265 2124 321 137

310 426 537 490 militia
593 425 1056 511 disciplinaque
1099 431 1322 491 nostra
1366 426 1751 510 habebatur,
1809 433 1882 491 ut
1927 429 2128 492 caesis

308 530 819 616 negotiatoribus
863 530 1171 596 Romanis
1220 531 1464 596 bellum
1505 531 1850 618 inciperet3
1910 534 2126 618 pauci-

310 656 437 719 que
485 635 770 719 equitum
817 635 1128 719 corrupti,
1183 637 1402 720 plures
1445 637 1512 699 in
1560 635 1768 702 officio
1813 659 2171 707 manseres

310 739 487 804 aliud
530 740 762 824 vulgus
810 739 1262 804 obaeratorum
1307 744 1418 804 aut
1462 741 1788 806 clientium
1817 763 1993 806 arma
2023 763 2128 806 ce-

309 844 433 930 pit3
481 844 916 928 petebantque
966 843 1164 906 saltus
1210 844 1440 926 quibus
1485 865 1721 909 nomen
1755 844 2129 930 Arduenna,

310 969 455 1012 cum
499 947 793 1032 legiones
838 952 1113 1031 utroque
1160 946 1241 1010 ab
1279 947 1589 1030 exercitu,
1636 969 1792 1032 quas
1822 948 2129 1013 Visellius

308 1058 375 1117 et
422 1052 493 1117 O.
544 1051 737 1116 Silius
782 1050 1068 1115 adversis
1113 1051 1450 1116 itineribus
1475 1053 1895 1134 obiecerant,
1947 1075 2127 1118 arcu-

308 1161 514 1220 erunt.
604 1155 1116 1240 praemissusque
1179 1177 1322 1218 cum
1382 1155 1635 1220 delecta
1690 1177 1881 1222 manu
1924 1157 2128 1221 Iulius
2148 1185 2197 1223 10

304 1259 508 1324 Indus
555 1281 590 1323 e
639 1259 894 1324 civitate
943 1258 1201 1341 eadem,
1253 1258 1494 1323 discors
1538 1260 1736 1324 Floro
1785 1266 1851 1324 et
1893 1281 2128 1324 navan-

308 1362 428 1426 dae
470 1372 705 1454 o'perae
741 1361 1008 1444 avidior,
1054 1361 1448 1427 inconditam
1490 1363 1966 1429 multitudinem
2000 1363 2125 1428 dis-

304 1466 475 1531 iecit.
579 1466 811 1531 Florus
874 1467 1134 1530 incertis
1193 1466 1458 1530 latebris
1519 1468 1797 1532 victores
1862 1469 2124 1534 frustra·

304 1576 440 1652 tus,
499 1574 826 1654 postremo
883 1569 1037 1633 visis
1080 1570 1392 1635 militibus
1438 1572 1547 1656 qui
1592 1571 1833 1658 effugia
1875 1573 2126 1638 insede·

305 1680 465 1756 rant,
512 1697 630 1739 sua
670 1696 865 1739 manu
912 1670 1161 1740 cecidit.
1239 1678 1422 1760 isque
1453 1676 1780 1742 Treverici
1815 1678 2124 1743 tumultus
2142 1703 2193 1741 ιε

305 1780 469 1844 finis.

433 1884 537 1948 43.
600 1882 799 1969 Apud
828 1879 1099 1947 Aeduos
1128 1883 1332 1947 maior
1361 1883 1566 1947 moles
1599 1889 1842 1968 exorta,
1882 1891 2119 1970 quanto

302 1988 525 2053 civitas
578 1987 946 2073 opulentior
989 1992 1055 2052 et
1102 1987 1564 2072 comprimendi
1609 1989 1835 2073 procul
1880 1988 2120 2073 praesi-

304 2091 498 2157 dium.
587 2090 1134 2177 Augustodunum
1194 2098 1386 2176 caput
1444 2091 1654 2175 gentis
1711 2091 1968 2154 armatis
2017 2112 2121 2156 co·

202 2190 218 2209 ⁶
298 2194 593 2258 hortibus
654 2194 949 2259 Sacrovir
1014 2200 1472 2280 occupaverat,
1536 2195 1994 2259 nobilissimam
2051 2205 2122 2262 ut

304 2299 661 2362 Galliarum
704 2299 995 2363 subolem
1029 2299 1402 2363 liberalibus
1435 2299 1663 2363 studiis
1695 2304 2023 2384 operatam
2055 2306 2120 2365 et
2138 2326 2162 2363 5

300 2403 572 2487 pignore
604 2408 903 2487 parentes
933 2404 1459 2489 propinquosque
1491 2403 1897 2489 adiungeret3
1931 2406 2119 2470 simul

300 2527 476 2569 arma
505 2495 755 2570 occulte
782 2506 1092 2571 fabricata
1118 2510 1438 2573 iuventuti
1467 2508 1780 2594 dispertit.
1846 2510 2115 2595 quadra-

297 2611 478 2693 ginta
518 2610 695 2674 milia
740 2610 941 2694 fuere,
988 2612 1210 2696 quinta
1255 2614 1353 2676 sui
1396 2618 1578 2697 parte
1614 2614 1985 2697 legionariis
2015 2638 2116 2680 ar-

298 2715 437 2799 mis,
482 2716 679 2780 ceteri
726 2737 867 2780 cum
910 2717 1246 2782 venabulis
1293 2725 1358 2783 et
1400 2717 1615 2781 cultris
1660 2739 1946 2803 quaeque
1994 2722 2118 2785 alia

294 2820 678 2884 venantibus
722 2822 873 2884 tela.
949 2820 1273 2885 adduntur
1318 2843 1353 2886 e
1401 2822 1672 2886 servitiis
1716 2823 2114 2906 gladiaturae
2138 2849 2187 2888 10

296 2924 630 3009 destinati,
691 2925 920 3009 quibus
978 2946 1160 2990 more
1218 2926 1476 3010 gentico
1539 2927 1906 2991 continuum
1964 2929 2118 2994 ferri

295 3029 613 3113 tegimen:
674 3031 1135 3116 cruppellarios
1179 3037 1448 3114 vocant,
1493 3029 1841 3095 inferendis
1884 3032 2116 3097 ictibus

293 3133 638 3217 inhabiles,
684 3135 1073 3220 accipiendis
1114 3134 1636 3221 inpenetrabiles.
1719 3135 2119 3219 augebantur

298 3255 411 3301 eae
460 3237 684 3322 copiae
730 3238 1085 3305 vicinarum
1115 3240 1445 3303 civitatum
1475 3242 1548 3302 ut
1576 3236 1865 3302 nondum
1896 3246 2118 3324 aperta

298 3343 749 3425 consensione,
807 3344 898 3407 ita
956 3344 1194 3409 viritim
1237 3342 1554 3428 promptis
1599 3340 1824 3405 studiis
1871 3349 1938 3406 et
1983 3365 2116 3410 cer·
2131 3372 2186 3411 15

293 3440 529 3510 tamine
594 3446 827 3513 ducum
872 3447 1345 3530 Romanorum,
1405 3467 1567 3532 quos
1613 3445 1782 3510 inter
1827 3449 2112 3534 ambige-
