2467 3900
350 173 422 230 72
684 177 689 182 ·
1016 175 1293 215 CORNELII
1319 175 1515 214 norm

348 335 519 399 misit
585 339 657 399 ut
720 338 1150 398 scrutarentur
1212 332 1511 397 insulas.-
1566 333 1822 398 collecti
1886 355 1965 398 ea
2027 355 2201 398 cura

347 441 676 526 plerique:
706 439 943 502 multos
973 438 1345 522 Angrivarii
1374 459 1583 523 nuper
1611 439 1679 502 in
1708 437 1907 503 fidem
1930 439 2197 522 accepti

347 545 719 628 redemptos
777 543 855 607 ab
911 543 1323 608 interioribus
1370 542 1748 626 reddidere3
1809 543 2072 629 quidam
2120 545 2197 608 in

278 647 746 724 20Britanniam
800 648 968 731 rapti
1027 647 1282 710 remissi
1340 667 1378 709 a
1431 646 1693 730 regulis.
1782 653 1853 711 ut
1906 647 2048 731 quis
2102 669 2194 711 ex

349 753 698 836 longinquo
731 756 1090 834 revenerat,
1138 751 1443 816 miracula
1479 752 1840 834 narrabant,
1884 753 2015 816 vim
2046 757 2191 815 tur-

347 858 569 922 binum
616 864 680 922 et
722 857 1042 921 inauditas
1087 857 1405 933 volucreS,
1453 861 1741 920 monstra
1786 857 1996 938 maris,
2043 877 2188 920 am-

347 962 576 1047 biguas
620 961 953 1026 hominum
999 966 1064 1026 et
1094 961 1428 1025 beluarum
1457 960 1715 1042 formaS,
1760 960 1897 1024 visa
1926 960 2061 1024 sive
2100 981 2189 1024 ex

354 1072 531 1131 metu
576 1065 840 1130 credita.

484 1172 585 1239 25.
630 1170 761 1235 Sed
802 1171 975 1251 fama
1022 1169 1241 1234 classis
1286 1170 1559 1233 amissae
1600 1174 1673 1233 ut
1706 1168 2062 1233 Germanos
2097 1168 2189 1230 ad

353 1296 534 1360 spem
579 1275 764 1355 belli,
817 1276 907 1339 ita
953 1274 1299 1339 Gaesarem
1346 1275 1428 1338 ad
1474 1274 1902 1338 coercendum
1951 1273 2187 1336 erexit.

357 1378 427 1442 O.
491 1377 647 1442 Silio
715 1399 857 1442 cum
919 1379 1180 1463 triginta
1240 1379 1531 1463 peditum
1551 1428 1567 1461 ,
1631 1377 1835 1442 tribus
1893 1376 2189 1460 equitum

351 1482 609 1546 milibus
668 1484 762 1547 ire
821 1483 886 1545 in
939 1482 1206 1547 Chattos
1264 1483 1572 1567 imperat3
1632 1481 1771 1565 ipse
1828 1481 2187 1544 maioribus

309 1585 554 1670 scopiis
599 1587 846 1651 Marsos
889 1586 1213 1670 inrumpit,
1260 1607 1534 1671 quorum
1567 1584 1700 1649 dux
1729 1585 2187 1651 Mallovendus

350 1691 416 1754 in
465 1688 861 1755 deditionem
907 1697 1208 1776 acceptus
1255 1691 1618 1776 propinquo
1664 1690 1811 1756 luco
1860 1689 2185 1755 defossam

350 1778 671 1860 Varianae
724 1795 997 1880 legionis
1043 1795 1325 1879 aquilam
1371 1795 1627 1860 modico
1672 1793 1996 1879 praesidio
2046 1814 2184 1858 ser-

348 1898 487 1964 vari
543 1898 800 1964 indicat.
890 1898 1084 1964 missa
1143 1898 1474 1984 extemplo
1535 1919 1762 1963 manus
1821 1919 1984 1983 quae
2031 1899 2187 1963 hos-

347 2010 482 2067 tem
532 2026 570 2069 a
613 2004 823 2069 fronte
870 2004 1151 2088 eliceret,
1198 2004 1307 2067 alii
1351 2004 1692 2090 qui'terga
1736 2004 2189 2088 circumgressi

283 2125 334 2164 1⁰
348 2108 759 2173 recluderent
813 2109 1113 2190 humum3
1177 2115 1243 2173 et
1297 2109 1581 2193 utrisque
1644 2108 1850 2175 adfuit
1905 2107 2185 2173 fortuna.

353 2233 430 2277 eo
499 2212 858 2296 promptior
919 2211 1156 2276 Caesar
1222 2214 1435 2299 pergit
1495 2214 1842 2298 introrsus,
1909 2215 2184 2299 popula-

350 2324 455 2381 tur
524 2314 808 2379 excindit
875 2336 1007 2379 non
1073 2338 1300 2381 ausum
1365 2316 1676 2402 congredi
1738 2318 1992 2381 hostem
2054 2322 2185 2399 aut,

353 2420 556 2485 sicubi
603 2421 943 2503 restiterat,
991 2421 1206 2485 statim
1251 2423 1507 2506 pulsum
1552 2444 1675 2487 nec
1704 2444 2007 2507 umquam
2052 2443 2189 2486 ma-

354 2526 450 2609 gis
508 2530 872 2609 paventem.
963 2525 1199 2610 quippe
1257 2526 1531 2592 invictos
1582 2533 1649 2592 et
1692 2526 1885 2592 nullis
1932 2526 2187 2591 casibus

287 2651 338 2691 15
353 2628 747 2713 superabiles
791 2628 1154 2712 RomanOS,
1203 2631 1310 2715 qui
1356 2631 1613 2715 perdita
1660 2632 1891 2710 classe,
1939 2631 2188 2695 amissis

274 2769 277 2771 ·
356 2733 576 2816 armis,
631 2737 782 2817 post
844 2738 1169 2798 constrata
1227 2755 1540 2820 equorum
1590 2735 2004 2819 virorumque
2050 2756 2189 2799 cor-

353 2836 617 2921 poribus
662 2836 855 2902 litora
902 2836 1129 2902 eadem
1170 2838 1426 2918 virtute,
1472 2840 1616 2923 pari
1642 2838 1885 2903 ferocia
1913 2844 1977 2901 et
2008 2838 2190 2904 velut

358 2944 529 3007 aucti
575 2963 867 3008 numero·

486 3046 590 3109 26.
651 3044 991 3110 Reductus
1050 3046 1200 3110 inde
1260 3048 1329 3110 in
1385 3041 1657 3111 hiberna
1702 3046 1921 3128 miles,
1978 3045 2186 3109 laetus

357 3149 555 3214 animi
600 3148 774 3234 quod
820 3148 1094 3214 adversa
1138 3150 1333 3213 maris
1394 3149 1814 3235 expeditione
1873 3170 2187 3234 prospera

355 3254 776 3337 pensavisset.
853 3252 1104 3317 addidit
1149 3254 1652 3319 munificentiam
1687 3254 1943 3337 Caesar,
1989 3274 2186 3338 quan-

359 3362 495 3420 tum
543 3358 682 3441 quis
731 3356 945 3421 damni
990 3357 1319 3441 professus
1366 3365 1504 3423 erat
1552 3357 1976 3422 exsolvendo.
2066 3378 2187 3423 nec
