2467 3900
340 225 416 281 84
998 225 1277 267 conusnn
1303 225 1498 266 'rAcIrr

266 411 317 451 10
337 387 485 473 quia
514 387 783 451 florente
812 384 974 451 Gaio
1003 383 1282 448 Caesare
1313 383 1640 468 missoque
1674 382 1756 446 ad
1774 385 1880 447 res
1905 383 2180 448 orientis

334 493 541 556 intuta
584 489 825 568 Tiberii
872 488 1151 553 amicitia
1182 487 1588 553 credebatur.·
1659 493 1734 551 ut
1777 507 1966 553 versa
2005 487 2176 552 Gae-

336 617 547 660 sarum
594 593 821 658 subole
863 593 1205 678 imperium
1239 592 1513 677 adeptus
1546 597 1664 674 est,
1711 592 1886 658 elicit
1914 591 2174 658 Arche-

333 701 509 763 laum
566 697 786 762 matris
842 697 1109 780 litteris,
1168 717 1332 780 quae
1391 717 1526 762 non
1584 696 2022 761 dissimulatis·
2054 697 2175 760 filii

340 801 803 867 offensionibus
850 799 1260 864 clementiam
1307 799 1638 882 offerebat,
1685 799 1740 863 si
1784 800 1868 864 ad
1897 821 2173 886 precan-

268 927 319 967 15
340 907 491 971 dum
538 906 806 972 veniret.
880 905 991 970 ille
1038 905 1303 988 ignarus
1342 904 1483 969 -doli
1526 903 1653 986 vel,
1699 904 1751 969 si
1780 905 2176 989 intellegere

338 1012 727 1094 crederetur,
768 1013 902 1077 vim
947 1015 1246 1076 metuens
1289 1009 1357 1074 in
1399 1010 1626 1074 urbem
1663 1017 2004 1096 properat:
2051 1031 2172 1076 ex-

338 1124 689 1203 ceptusque
735 1115 966 1182 immiti
1012 1137 1049 1180 a
1092 1113 1380 1198 principe
1425 1118 1494 1178 et
1538 1134 1696 1179 mox
1735 1121 2071 1180 accusatus
2105 1114 2175 1179 in

338 1227 583 1303 senatu,
629 1243 760 1285 non
808 1220 890 1284 ob
937 1218 1205 1283 crimina
1250 1237 1414 1302 quae
1452 1217 1881 1300 fingebantur,
1930 1223 2030 1282 set
2060 1239 2176 1282 an-

336 1344 525 1408 gore,
572 1324 763 1387 simul
807 1323 985 1388 senio
1034 1327 1100 1388 et
1145 1322 1297 1406 quia
1338 1321 1599 1406 regibus
1647 1343 1883 1407 aequa,
1927 1323 2178 1388 nedum
2233 1332 2240 1335 “

268 1447 319 1486 20
337 1429 554 1493 infima
610 1427 871 1492 insolita
927 1431 1106 1510 sunt,
1163 1425 1361 1490 finem
1410 1425 1582 1490 vitae
1629 1431 1864 1510 sponte
1909 1445 1990 1490 an
2035 1424 2175 1492 fato

336 1532 650 1617 implevit.
720 1551 995 1615 regnum
1038 1531 1105 1593 in
1151 1529 1552 1613 provinciam
1583 1527 1918 1593 redactum
1946 1528 2175 1593 fructi-

336 1636 584 1721 busque
629 1635 832 1699 levari
876 1653 1069 1718 posse
1111 1633 1500 1699 centesimae
1530 1633 1811 1717 vectigal
1840 1633 2176 1718 professus

341 1739 580 1804 Caesar
640 1738 1144 1803 ducentesimam
1201 1739 1270 1802 in
1327 1743 1660 1823 posterum
1721 1739 1964 1804 statuit.
2051 1758 2178 1822 per

336 1843 513 1908 idem
568 1848 824 1928 tempus
879 1840 1205 1907 Antiocho
1267 1841 1891 1924 Commagenorum,
1949 1841 2175 1906 Philo-

270 1975 323 2013 25
338 1955 562 2033 patore
598 1948 870 2014 Cilicum
915 1947 1177 2031 regibus
1226 1945 1542 2011 defunctis
1587 1944 2012 2012 turbabantur
2057 1968 2172 2010 na-

337 2053 547 2117 tiones
585 2052 907 2137 plerisque
937 2051 1327 2133 Romanum,
1369 2050 1516 2116 aliis
1546 2050 1798 2135 regium
1829 2050 2176 2136 imperium

340 2157 775 2240 cupientibus3
844 2160 910 2219 et
944 2156 1346 2239 pro-vinciae
1415 2155 1600 2240 Syria
1669 2160 1859 2240 atque
1924 2155 2174 2225 Iudaea

337 2260 547 2324 fessae
597 2259 899 2324 oneribus
946 2258 1460 2327 deminutionem
1502 2260 1727 2326 tributi
1773 2260 2060 2329 orabant.

468 2365 572 2428 43.
637 2363 845 2447 Igitur
897 2363 1060 2428 haec
1118 2370 1185 2429 et
1246 2363 1327 2429 de
1383 2362 1696 2430 Armenia
1751 2384 1922 2448 quae>
1977 2384 2174 2449 supra

338 2468 691 2531 memoravi
737 2465 911 2552 apud
955 2473 1171 2551 patres
1214 2468 1518 2533 disseruit
1545 2489 1666 2534 nec
1695 2488 1890 2553 posse
1921 2475 2173 2534 motum

341 2572 657 2635 orientem
704 2573 828 2637 nisi
871 2572 1246 2639 Germanici
1283 2572 1608 2659 sapientia
1653 2572 1964 2657 conponi:
2017 2592 2172 2637 nam

340 2696 519 2739 suam
559 2681 837 2741 aetatem
870 2697 1164 2762 vergere,
1208 2676 1410 2743 Drusi
1439 2677 1729 2743 nondum
1760 2679 1914 2743 satis
1945 2677 2170 2743 adole-

300 2778 537 2844 5visse.
612 2784 765 2844 tunc
811 2779 1071 2845 decreto
1112 2788 1366 2865 patrum
1399 2784 1750 2866 permissae
1785 2781 2170 2847 Germanico

344 2884 713 2969 provinciae
776 2906 941 2969 quae
1001 2888 1161 2951 mari
1224 2886 1599 2951 dividuntur
1655 2886 1990 2971 maiusque
2047 2887 2170 2950 im-

338 2991 623 3074 perium,
683 3009 941 3073 quoquo
992 2990 1263 3074 adisset,
1324 3011 1516 3075 quam
1561 2990 1638 3054 iis
1685 2991 1793 3073 qui
1839 2997 2015 3054 sorte
2059 2996 2173 3055 aut

337 3094 537 3157 missu
594 3092 900 3177 principis
962 3093 1346 3161 obtinerent.
1439 3094 1556 3159 sed
1599 3093 1898 3159 Tiberius
1945 3093 2169 3158 demo-

335 3200 517 3261 verat
582 3195 773 3280 Syria
835 3195 1159 3261 Creticum
1224 3197 1548 3280 Silanum,
1618 3218 1940 3263 conexum
2005 3197 2168 3263 Ger-

271 3318 320 3358 10
339 3298 625 3381 manico,
685 3299 835 3384 quia
875 3299 1078 3364 Silani
1132 3301 1266 3365 filia
1308 3302 1558 3365 Neroni
1602 3303 2038 3369 vetustissimo
2091 3302 2168 3367 li-

338 3402 642 3466 berorum
664 3410 869 3487 pacta,
894 3403 1418 3488 praefeceratque
1443 3404 1558 3469 On.
1578 3405 1885 3473 Pisonem
1904 3402 2166 3491 ingenio
