2467 3900
389 191 499 256 168
1044 205 1322 245 conunnn
1347 179 1544 246 mom
1590 203 1594 206 ·

384 362 581 447 igitur
645 363 1113 428 contumaciam
1156 362 1564 450 Agrippinae
1622 365 1958 448 insectari,
2021 375 2205 432 vetus

382 467 724 550 Augustae
784 468 1035 550 odium,
1090 465 1419 532 recentem
1445 469 1688 534 Liviae
1747 471 2204 536 conscientiam

313 593 363 632 15
385 572 752 654 exagitare,
796 578 873 636 ut
916 573 1259 656 superbam
1303 573 1552 655 liberis,
1617 574 1958 638 subnixam
2001 596 2202 659 popu-

380 673 618 738 laribus
656 675 883 739 studiis
912 676 1161 741 inhiare
1194 677 1618 741 dominationi
1649 677 1823 762 apud
1857 677 2201 744 Caesarem

380 785 746 860 arguerent.
836 780 1077 864 alitque
1137 780 1302 846 haec
1360 780 1608 845 callidis
1665 781 2204 865 criminatoribus,

378 883 549 947 inter
586 903 749 968 quos
798 884 1133 968 delegerat
1175 885 1414 950 Iulium
1455 886 1860 968 Postumum,
1906 877 2202 953 Mutiliae

377 988 635 1053 Priscae
680 989 848 1054 inter
890 989 1151 1054 intimos
1182 997 1248 1054 et
1281 990 1563 1054 consiliis
1599 991 1728 1054 suis
1757 990 2202 1075 peridoneum,

309 1115 359 1154 20
378 1097 529 1178 quia·
590 1094 812 1158 Prisca
878 1095 943 1172 in
1019 1095 1231 1159 animo
1302 1096 1642 1178 Augustae
1705 1095 1934 1159 valida
2007 1116 2202 1162 anum

374 1206 602 1282 suapte
632 1205 863 1264 natura
890 1200 1221 1284 potentiae
1245 1198 1513 1264 'anxiam
1535 1200 1984 1264 insociabilem
2011 1202 2202 1265 nurui

376 1303 715 1368 efficiebat.
819 1299 1223 1389 Agrippinae
1286 1325 1544 1388 quoque
1606 1304 1892 1388 proximi
1952 1303 2200 1369 inlicie-

373 1406 609 1472 bantur
666 1409 882 1492 pravis
939 1407 1340 1474 sermonibus
1401 1404 1686 1472 tumidos
1733 1407 1993 1492 spiritus
2051 1428 2200 1492 per-

374 1511 725 1576 stimulare.
1715 1513 1722 1518 ’

416 1651 419 1656 -
510 1616 609 1678 13.
672 1615 768 1679 At
807 1615 1104 1680 Tiberius
1148 1615 1309 1680 nihil
1355 1613 1717 1682 intermissa
1760 1636 1975 1680 rerum
2025 1636 2200 1698 cura,

372 1721 636 1805 negotia
676 1742 795 1805 pro
844 1722 1097 1786 solaciis
1138 1722 1477 1806 accipiens,
1522 1723 1621 1786 ius
1667 1722 1923 1803 civium,
1969 1741 2199 1806 preces

372 1825 701 1890 sociorum.
735 1821 1085 1906 tractabat,
1127 1827 1447 1910 ⁴factaque
1499 1831 1762 1890 auctore
1810 1846 1888 1890 eo
1937 1832 2202 1891 senatus

372 1923 665 1996 consulta
680 1979 697 2012 ‚
790 1936 861 1993 ut
940 1928 1183 1995 civitati
1254 1929 1656 2015 Cibyraticae
1731 1934 1890 2014 aput
1951 1927 2199 2011 Asiam,

326 2034 680 2119 5Aegiensi
732 2035 904 2119 apud
948 2034 1298 2116 Achaiam,
1358 2043 1540 2115 motu
1583 2034 1795 2100 terrae
1839 2032 2198 2114 labefactis,

367 2135 818 2205 subveniretur
860 2140 1242 2205 remissione
1289 2138 1510 2203 tributi
1554 2139 1622 2203 in
1665 2136 2038 2201 triennium.
2131 2142 2202 2199 et

366 2245 597 2309 Vibius
642 2244 919 2313 Serenus
965 2265 1081 2327 pro
1148 2244 1411 2308 consule
1458 2242 1781 2307 ulterioris
1833 2239 2198 2325 Hispaniae

369 2349 449 2412 de
511 2349 575 2413 vi
638 2348 907 2433 publica·
959 2348 1300 2413 damnatus
1360 2348 1724 2433 Amorgum
1785 2347 1854 2411 in
1917 2344 2201 2409 insulam

367 2450 765 2536 deportatur.
859 2451 1187 2520 Carsidius
1224 2452 1550 2517 'Sacerdos
1573 2502 1588 2533 ,
1636 2471 1821 2533 reus,
1849 2450 2200 2533 'tamquam

298 2573 349 2612 10
364 2555 686 2623 frumento
704 2558 974 2622 ⁴hostem
1004 2556 1476 2621 Tacfarinatem
1504 2555 1795 2635 iuvisset,
1833 2551 2198 2617 absolvitur

367 2660 781 2745 eiusdemque
830 2662 1108 2725 criminis
1148 2659 1217 2725 C.
1255 2660 1604 2725 Gracchus.
1635 2680 1640 2685 ·
1668 2657 1840 2721 hunc
1883 2656 2196 2720 comitem

368 2764 543 2827 exilii
610 2764 959 2829 admodum
1018 2764 1331 2829 infantem
1392 2768 1589 2847 pater·
1642 2760 2061 2845 Sempronius
2123 2758 2197 2825 in

363 2866 637 2931 insulam
684 2867 1020 2943 Cercinam
1064 2869 1342 2933 tulerat.‘
1396 2868 1527 2931 illic
1557 2867 1822 2931 'adultus
1865 2865 2034 2929 inter
2071 2883 2194 2929 ex-

364 2980 572 3036 torres
636 2978 703 3037 et
762 2973 1124 3037 liberalium
1184 2972 1416 3037 artium
1477 2972 1770 3051 nescios,
1847 2988 2005 3031 mox
2069 2988 2196 3052 per

295 3101 344 3139 15
361 3075 647 3141 Africam
710 3098 785 3141 ac
845 3076 1127 3141 Siciliam
1188 3075 1499 3141 mutando
1583 3073 1890 3139 sordidas·
1937 3092 2192 3136 merces

362 3180 871 3260 sustentabatur,
938 3173 1149 3263 neque
1194 3184 1410 3243 tamen
1459 3178 1691 3264 effugit
1735 3196 2007 3259 magnae
2050 3174 2190 3239 for-

361 3290 555 3351 tunae
600 3285 907 3369 pericula.
970 3304 1044 3347 ac
1087 3284 1153 3347 ni
1195 3282 1425 3349 Aelius
1469 3282 1700 3347 Lamia
1737 3288 1813 3344 et
1856 3279 1932 3343 L.
1964 3277 2188 3361 Apro-

360 3388 536 3471 niuS,
600 3388 709 3473 qui
753 3388 1040 3452 Africam
1087 3388 1530 3469 obtinuerant,
1593 3386 1917 3450 insontem
1961 3389 2188 3468 prote-
