2467 3900
414 214 490 270 46
1068 214 1350 256 cORNELn
1374 211 1569 252 mom

411 383 644 462 pontes
705 380 1054 461 reponeret
1112 374 1427 456 simulque
1496 373 1904 458 propulsaret
1966 372 2251 453 hostem,

343 505 394 544 25
415 489 622 548 castra
684 481 913 546 metari
978 480 1044 543 in
1108 480 1254 543 loco
1319 478 1582 563 placuit,
1644 483 1718 542 ut
1778 498 1938 560 opus
2004 483 2071 540 et
2137 477 2250 540 alii

412 588 735 673 proelium
781 587 1159 670 inciperent.
1999 667 2010 678 ι

546 693 648 755 64.
694 690 966 755 Barbari
996 690 1399 774 perfringere
1433 689 1742 752 stationes
1776 708 1973 772 seque
2005 687 2248 752 inferre

414 794 839 859 munitoribus
887 795 1014 858 nisi
1070 795 1393 858 lacessunt
1451 793 2073 877 circumgrediuntur
2139 815 2249 863 oc-

416 905 702 962 cursant:
757 898 1063 962 miscetur
1109 896 1514 981 operantium
1556 896 2067 981 bellantiumque
2116 899 2248 962 cla-

415 1024 574 1067 mor.
669 1008 735 1067 et
782 1010 1011 1067 cuncta
1055 1003 1295 1087 pariter
1337 1001 1645 1066 Romanis
1691 1001 1998 1084 adversa,
2064 1004 2250 1068 locus

373 1107 658 1190 5uligine
723 1107 1044 1191 profunda
1068 1157 1084 1190 ,
1160 1106 1337 1170 idem
1397 1105 1483 1169 ad
1555 1105 1827 1189 gradum
1905 1106 2248 1190 instabiliS,

415 1210 916 1296 procedentibus
979 1211 1297 1293 lubricus,
1374 1231 1647 1295 corpora
1707 1210 1931 1292 gravia
1996 1210 2248 1292 loricis3

413 1336 626 1400 neque
670 1316 907 1378 librare
949 1316 1086 1406 pila
1131 1316 1298 1379 inter
1351 1315 1558 1379 undas
1607 1320 1926 1399 poterant.
2022 1322 2251 1379 contra

419 1419 758 1494 Cheruscis
821 1427 1005 1484 sueta
1062 1419 1235 1504 apud
1294 1419 1565 1504 paludes
1628 1418 1906 1502 proelia,
1972 1441 2251 1502 procera

415 1525 740 1607 membra,
807 1525 1032 1588 hastae
1099 1525 1399 1609 ingentes
1458 1513 1549 1586 'ad
1614 1523 1882 1586 vulnera
1945 1522 2251 1588 facienda

350 1648 400 1687 10
419 1629 707 1712 quamvis
781 1629 1029 1714 procul.
1138 1647 1274 1692 nox
1347 1626 1605 1691 demum
1679 1627 2043 1691 inclinantis
2121 1629 2251 1691 iam

416 1730 713 1814 legiones
765 1730 1073 1795 adversae
1131 1752 1389 1815 pugnae
1450 1730 1712 1794 exemit.
1806 1729 2117 1796 Germani
2166 1733 2247 1796 ob

419 1855 728 1919 prospera
769 1834 1098 1914 indefessi,
1144 1856 1226 1899 ne
1260 1840 1397 1897 tum
1428 1833 1689 1918 quidem
1722 1842 1976 1918 sumpta
2007 1835 2250 1918 quiete,

417 1943 723 2022 quantum
755 1960 1064 2024 aquarum
1102 1938 1339 2003 circum
1382 1939 1793 2021 surgentibus
1839 1939 2007 2023 iugis
2041 1942 2249 2005 oritur

417 2048 673 2107 vertere
720 2044 1125 2127 inmersaque
1183 2034 1379 2107 humo
1430 2046 1495 2105 et
1544 2042 1773 2106 obruto
1824 2044 1998 2127 quod
2044 2045 2247 2110 effec-

348 2168 400 2207 15
417 2150 554 2212 tum
618 2147 831 2231 operis
881 2147 1241 2230 duplicatus
1297 2146 1483 2209 militi
1540 2145 1744 2211 labor.
1836 2148 2246 2232 quadragen-

419 2250 651 2316 simum
715 2248 782 2321 id
841 2249 1234 2333 stipendium
1296 2249 1574 2314 Caecina
1629 2250 1901 2335 parendi
1958 2257 2073 2315 aut
2130 2254 2249 2316 im—

418 2351 739 2438 peritandi
804 2351 1114 2435 habebat,
1178 2355 1604 2419 secundarum
1670 2357 2250 2442 ambiguarumque

417 2477 634 2520 rerum
679 2457 887 2520 sciens
921 2444 1128 2541 eoque
1173 2459 1523 2524 interritus,
1613 2461 1810 2542 igitur
1854 2462 2070 2526 futura
2109 2463 2252 2527 vol-

419 2582 578 2627 vens
622 2582 755 2639 non
813 2561 988 2625 aliud
1035 2566 1323 2648 repperit
1372 2585 1562 2648 quam
1618 2572 1692 2627 ut
1753 2565 2009 2629 hostem
2068 2566 2249 2631 silvis

351 2688 403 2728 20
424 2672 790 2749 coerceret,
867 2666 1075 2731 donec
1149 2670 1348 2733 saucii
1423 2675 1856 2752 quantumque
1932 2672 2252 2753 gravioris

421 2771 694 2854 agminis
736 2773 1088 2854 anteirent3
1133 2795 1281 2836 nam
1329 2774 1543 2837 medio
1591 2776 1907 2838 montium
1953 2781 2019 2839 et
2064 2776 2251 2860 palu-

425 2874 576 2938 dum
619 2878 1071 2963 porrigebatur
1115 2880 1447 2961 planities,
1508 2900 1672 2963 quae
1733 2884 1995 2943 tenuem
2043 2881 2253 2944 aciem

421 2985 772 3064 pateretur.
892 2980 1260 3063 deliguntur
1342 2983 1635 3065 legiones
1716 2984 1939 3066 quinta
2014 2984 2251 3049 dextro

423 3084 642 3167 lateri,
690 3086 1195 3152 unetvicensima
1240 3087 1308 3149 in
1353 3088 1640 3167 laevum,
1686 3087 1961 3170 primani
2010 3088 2251 3153 ducen-

354 3207 405 3246 25
427 3187 578 3280 dum
608 3188 691 3252 ad
721 3209 972 3272 agmen,
1014 3189 1485 3255 vicensimanus
1518 3192 1860 3257 adversum
1891 3197 2249 3256 secuturos.

555 3294 658 3357 65.
723 3293 876 3357 Nox
938 3313 1055 3376 per
1115 3293 1371 3358 diversa
1433 3296 1719 3379 inquieS,
1791 3318 1935 3360 cum
1991 3297 2251 3362 barbari

428 3393 606 3457 festis
640 3396 863 3479 epuliS,
907 3397 1080 3460 laeto
1115 3403 1307 3459 cantu
1344 3404 1453 3461 aut
1482 3399 1648 3462 truci
1694 3420 1925 3463 sonore
1960 3400 2253 3465 subiecta
