2467 3900
678 223 753 262 AB
778 223 1031 263 EXCESSU
1058 223 1187 263 DIVI
1213 223 1470 264 AUGUSTI
1494 223 1564 262 111
1590 223 1705 262 1-2.
1987 218 2096 274 113

274 381 675 466 prospectari
716 387 977 465 poterat
1019 383 1443 446 maerentium
1487 383 1676 448 turba
1720 390 1786 448 et
1811 383 2097 467 rogitan-

276 486 438 548 tium
499 487 667 550 inter
724 505 827 568 se,
888 485 1230 550 silentione
1296 507 1377 550 an
1436 506 1596 551 voce
1656 486 1870 570 aliqua
1913 508 2097 572 egre·
2119 503 2170 542 1⁵

280 590 564 654 dientem
624 589 1019 674 exciperent.
1101 609 1313 673 neque
1373 589 1526 653 satis
1569 591 1904 655 constabat
1948 591 2100 675 quid

276 713 393 776 pro
441 699 733 778 tempore
779 693 965 774 foret,
1014 713 1159 758 cum
1189 693 1408 758 classis
1439 695 1746 778 paulatim
1775 696 2100 778 successit,

276 819 405 862 non
453 798 680 880 alacri,
745 805 818 862 ut
862 797 1146 881 adsolet,
1190 799 1500 883 remigiO,
1565 799 1680 864 sed
1728 801 1972 866 cunctis
2016 800 2102 864 ad

276 902 599 966 tristitiam
622 901 1019 987 compositis.
1078 909 1424 988 postquam
1444 904 1693 969 duobus
1719 926 1862 968 cum
1879 905 2102 969 liberis

278 1005 546 1070 feralem
590 1027 818 1070 urnam
862 1012 1093 1070 tenens
1132 1028 1395 1092 egressa
1424 1009 1572 1072 navi
1603 1009 1830 1074 defixit
1861 1011 2102 1093 oculos,
2121 1028 2172 1068 20

279 1109 457 1176 idem
504 1111 792 1176 omnium
824 1113 1134 1196 gemitus3
1182 1134 1393 1197 neque
1441 1113 1839 1179 discerneres
1883 1115 2103 1198 proxi-

279 1238 421 1281 mos
468 1217 735 1301 alienos,
782 1218 1069 1281 virorum
1112 1219 1578 1284 feminarumve
1625 1220 1934 1304 planctus,
1979 1219 2106 1288 nisi

280 1321 456 1404 quod
488 1322 863 1387 comitatum
892 1320 1294 1405 Agrippinae
1326 1323 1524 1406 longo
1554 1344 1848 1388 maerore
1867 1323 2105 1388 fessum

284 1427 457 1490 obvii
503 1433 568 1491 et
612 1433 905 1492 recentes
950 1428 1017 1491 in
1064 1427 1291 1492 dolore
1338 1427 1689 1493 anteibant.

413 1531 473 1593 2.
536 1531 802 1596 Miserat
862 1530 1019 1595 duas
1074 1532 1433 1615 praetorias
1499 1533 1796 1597 cohortes
1851 1533 2108 1616 Caesar,

283 1631 504 1696 addito
532 1639 605 1697 ut
635 1634 1043 1718 magistratus
1078 1634 1415 1699 Calabriae
1445 1634 1774 1721 Apulique
1817 1645 1887 1702 'et
1921 1638 2107 1702 Cam-

282 1737 436 1821 pani
464 1758 765 1822 suprema
796 1758 952 1822 erga
973 1738 1355 1802 memoriam
1383 1739 1498 1802 filii
1523 1739 1622 1803 sui
1646 1741 1866 1804 munia
1880 1740 2110 1824 funge-

281 1848 523 1905 rentur.
600 1841 797 1926 igitur
831 1843 1233 1908 tribunorum
1267 1843 1844 1928 centurionumque
1875 1845 2113 1908 umeris

290 1946 536 2010 cineres
568 1947 1020 2031 portabantur3
1052 1946 1532 2033 praecedebant
1559 1947 1889 2033 incompta
1911 1950 2154 2033 signa‚5

286 2052 459 2116 versi
493 2050 732 2134 fasces3
781 2057 974 2137 atque
1013 2052 1126 2115 ubi
1167 2053 1452 2118 colonias
1492 2053 2114 2137 transgrederentur,

288 2161 495 2219 atrata
548 2155 808 2240 plebes,
874 2154 1149 2221 trabeati
1210 2157 1460 2241 equites
1519 2178 1636 2241 pro
1701 2157 1930 2241 opibus
1989 2155 2116 2222 loci

288 2264 535 2323 vestem
583 2259 818 2323 odores
864 2259 1115 2344 aliaque
1161 2261 1462 2325 funerum
1507 2262 1846 2325 sollemnia
1875 2280 2118 2326 crema-

289 2364 461 2429 bant.
540 2365 736 2429 etiam
780 2385 1053 2449 quorum
1101 2365 1356 2430 diversa
1388 2365 1648 2450 oppida,
1691 2370 1912 2430 tamen
1945 2364 2120 2431 obvii

291 2472 357 2531 et
400 2468 693 2532 victimas
739 2475 930 2553 atque
978 2491 1121 2534 aras
1168 2468 1266 2533 dis
1311 2468 1605 2534 manibus
1637 2474 1994 2534 statuentes
2023 2471 2116 2533 la·
2137 2489 2188 2530 10

293 2573 505 2637 crimis
567 2578 633 2637 et
693 2573 1309 2639 conclamationibus
1357 2574 1654 2639 dolorem
1698 2574 2118 2639 testabantur.

289 2678 541 2743 Drusus
586 2678 997 2742 Tarracinam
1039 2697 1423 2761 progressus
1482 2684 1580 2741 est
1638 2698 1782 2742 cum
1845 2676 2116 2742 Claudio

290 2781 485 2846 fratre
529 2781 881 2866 liberisque
931 2781 1329 2864 Germanici,
1377 2781 1487 2865 qui
1530 2781 1597 2844 in
1640 2782 1800 2847 urbe
1845 2780 2118 2847 fuerant.

294 2885 590 2950 consules
635 2886 726 2951 M.
771 2886 1073 2951 Valerius
1135 2892 1201 2949 et
1245 2885 1336 2950 M.
1381 2884 1686 2949 Aurelius
1749 2882 1903 2965 (iam
1950 2885 2118 2949 enim

294 2989 741 3073 magistratum
816 2988 1227 3074 occeperant)
1304 2994 1370 3053 et
1433 2994 1694 3052 senatus
1755 3008 1828 3051 ac
1887 3006 2122 3070 magna
2140 3008 2190 3047 15

294 3115 441 3179 pars
487 3093 712 3178 populi
756 3094 931 3158 viam
974 3091 1400 3178 conplevere,
1465 3092 1716 3157 disiecti
1762 3096 1828 3156 et
1873 3097 1944 3154 ut
1989 3090 2122 3154 cui-

296 3220 421 3283 que
465 3199 719 3264 libitum
752 3198 1013 3279 flentes3
1062 3197 1286 3263 aberat
1319 3198 1560 3283 quippe
1593 3196 1876 3261 adulatio
1906 3195 2122 3278 gnaris

295 3302 535 3367 laetam
594 3302 853 3367 Tiberio
924 3302 1293 3368 Germanici
1359 3306 1637 3365 mortem
1701 3299 1870 3363 male
1935 3297 2120 3363 dissi-

300 3407 548 3471 mulari.
