2467 3900
658 235 732 274 AB
761 233 1010 273 EXGESSU
1037 233 1168 272 DIVI
1192 231 1450 272 AUGUSTI
1474 231 1537 270 I'V
1565 231 1735 270 40—43.
1992 225 2102 281 189

281 391 718 472 solitudinem,
765 387 906 474 quis
952 388 1179 452 abesse
1223 385 1443 451 taedia
1488 390 1555 450 et
1600 385 1989 450 offensiones
2027 407 2102 450 ac

280 495 630 582 praecipua
673 512 890 557 rerum
936 491 1218 555 maxime
1264 490 1513 576 agitari.

412 599 515 660 42.
578 596 678 660 Ac
722 596 892 661 forte
937 595 1154 660 habita
1199 615 1318 680 per
1360 594 1508 658 illos
1538 593 1675 658 dies
1708 593 1791 658 de
1822 594 2105 660 Votieno

281 702 612 785 MontanO,
637 701 910 766 celebris
933 699 1175 785 ingenii
1197 699 1361 780 vir0,
1394 698 1676 782 cognitio
1700 703 2109 763 cunctantem

281 807 411 870 iam
454 788 784 871 Tiberium
843 805 1125 889 perpulit
1182 811 1257 868 ut
1297 803 1595 868 vitandos
1654 804 1951 868 crederet
1994 827 2107 890 pa-

281 921 451 976 trum
497 917 720 976 coetus
765 928 1112 994 vocesque,
1158 928 1322 991 quae
1368 905 1752 993 plerumque
1800 901 1997 974 iserae
2044 915 2111 973 et

282 1036 516 1100 graves
577 1035 792 1078 coram
837 1013 1317 1097 ingerebantur.
1405 1034 1557 1077 nam
1598 1013 1927 1097 postulato
1971 1012 2155 1077 Vo-5

282 1121 464 1184 tieno
515 1120 598 1184 ob
646 1117 1070 1183 contumelias
1118 1118 1186 1180 in
1234 1115 1580 1180 Caesarem
1627 1116 1865 1200 dictas,
1928 1118 2113 1181 testis

283 1222 606 1288 Aemilius
653 1243 688 1286 e
725 1221 1108 1286 militaribus
1153 1220 1307 1284 viris
1348 1220 1503 1284 dum
1540 1221 1753 1284 studio
1790 1219 2111 1305 probandi

287 1332 517 1391 cuncta
535 1325 733 1389 refert
749 1333 814 1390 et
828 1344 1214 1409 quamquam
1227 1325 1397 1389 inter
1413 1324 1863 1409 obstrepentes
1878 1345 2115 1409 magna

287 1429 778 1495 adseveratione
809 1428 1052 1509 nititur,
1084 1427 1331 1492 audivit
1359 1428 1654 1494 Tiberius
1685 1430 1941 1514 probra,
1973 1428 2115 1513 quis

288 1553 407 1620 per
455 1533 776 1598 occultum
821 1530 1246 1615 lacerabatur,
1290 1530 1587 1616 adeoque
1623 1533 1957 1616 perculsus
1997 1537 2187 1616 est,1o

287 1642 360 1701 ut
419 1657 489 1700 se
547 1637 656 1702 vel
703 1635 920 1699 statim
978 1635 1085 1700 vel
1141 1635 1210 1698 in
1270 1636 1639 1718 cognitione
1698 1641 2121 1721 purgaturum

291 1739 650 1804 clamitaret
714 1738 1141 1824 precibusque
1204 1735 1647 1823 proximorum
1666 1788 1682 1821 ,
1746 1739 2119 1806 adulatione

293 1845 578 1908 omnium
623 1863 819 1928 aegre
865 1847 1290 1927 componeret
1332 1843 1639 1906 animum.
1703 1849 1770 1906 et
1799 1842 2119 1909 Votienus

291 1948 552 2034 quidem
611 1947 966 2013 maiestatis
1025 1947 1257 2032 poenis
1314 1945 1642 2011 adfectus:
1712 1946 1951 2012 Caesar
2005 1951 2118 2015 ob-

289 2054 525 2118 iectam
585 2052 706 2117 sibi
763 2051 1071 2117 adversus
1127 2072 1277 2115 reos
1320 2050 1802 2117 inclementiam
1850 2074 1927 2117 eo
1974 2074 2120 2139 per·
2138 2075 2189 2115 15

291 2157 570 2222 vicacius
601 2156 942 2241 amplexus
972 2154 1303 2238 Aquiliam
1333 2156 1634 2221 adulterii
1666 2156 1946 2222 delatam
1977 2179 2121 2223 cum

292 2260 491 2325 Vario
561 2260 804 2343 Ligure
823 2309 840 2342 ,
911 2280 1298 2344 quamquam
1362 2259 1679 2325 Lentulus
1747 2260 2119 2326 Gaetulicus

298 2365 521 2429 consul
585 2364 961 2447 designatus
1017 2364 1167 2447 lege
1223 2363 1394 2428 Iulia
1458 2363 1857 2448 damnasset,
1922 2367 2118 2431 exilio

296 2468 549 2553 punivit
590 2467 1030 2554 Apidiumque
1074 2466 1427 2549 Merulam,
1470 2466 1645 2551 quod
1688 2469 1757 2532 in
1802 2476 1945 2533 acta
1991 2470 2123 2536 divi

296 2571 580 2657 Augusti
624 2594 756 2637 non
802 2573 1146 2653 iura'verat,
1192 2572 1341 2636 albo
1390 2572 1715 2636 senatorio
1764 2574 1975 2637 erasit.
2141 2602 2193 2641 20
2229 2621 2231 2623 ψ

427 2677 532 2739 43.
576 2675 866 2741 Auditae
900 2675 1133 2741 dehinc
1154 2674 1824 2740 Lacedaemoniorum
1856 2683 1922 2742 et
1949 2679 2124 2743 Mes-

300 2780 626 2846 seniorum
669 2779 1033 2863 legationes
1081 2778 1162 2844 de
1207 2779 1349 2844 iure
1394 2780 1618 2864 templi
1644 2780 1904 2848 ‘Dianae
1948 2782 2123 2847 Lim-

297 2885 567 2967 natidis,
625 2885 801 2968 quod
861 2885 991 2948 suis
1049 2906 1088 2947 a
1131 2885 1485 2949 maioribus
1542 2905 1785 2972 suaque
1835 2888 1904 2951 in
1947 2895 2123 2955 terra

303 2989 585 3055 dicatum
642 2986 1146 3053 Lacedaemonii
1201 2988 1543 3052 firmabant
1604 2990 1925 3055 annalium
1986 3012 2123 3055 me-

301 3094 506 3158 moria
549 3099 897 3177 vatumque
945 3093 1363 3176 carminibuS,
1419 3094 1536 3159 sed
1571 3094 1945 3159 Macedonis
1974 3095 2170 3159 Phi-5

301 3200 463 3284 lippi
525 3199 718 3263 armis
777 3199 1151 3285 ademptum
1211 3220 1287 3263 ac
1345 3206 1493 3285 post
1570 3200 1643 3264 O.
1707 3200 1999 3264 Caesaris
2061 3209 2125 3266 et

304 3305 391 3370 M.
436 3304 708 3371 Antonii
753 3306 1072 3370 sententia
1115 3305 1461 3369 redditum.
1551 3310 1775 3369 contra
1819 3296 2144 3369 Messenii

303 3415 594 3474 veterem
639 3411 806 3475 inter
835 3409 1137 3474 Herculis
1183 3416 1481 3494 posteros
1514 3408 1897 3473 divisionem
1926 3409 2122 3474 Pelo-

1668 3509 1811 3564 ιΙΙἸΦΗις
