2467 3900
642 235 645 240 .
687 203 762 243 AB
789 203 1041 244 EXOESSU
1069 203 1199 244 DIVI
1225 202 1480 246 AUGUSTI
1506 203 1570 245 IV
1597 202 1766 244 27-30.
2025 198 2136 255 179

313 383 399 428 ex
461 362 664 427 servis
728 363 1089 448 quaesitum
1158 368 1225 427 et
1288 364 1580 448 quaestio
1649 362 1922 428 adversa
1980 363 2134 430 filio.

311 467 423 551 qui
469 466 713 531 scelere
759 487 1045 548 vaecors,
1094 467 1283 530 simul
1329 466 1509 549 vulgi
1553 487 1810 532 rumore
1857 468 2138 551 territus,

311 573 509 638 robur
572 581 637 638 et
695 595 923 638 saxum
982 580 1095 638 aut
1134 572 1598 658 parricidarum
1653 593 1898 657 poenas
1951 573 2135 637 mini-

313 678 619 760 tantium,
677 679 869 742 cessit
916 678 1097 743 urbe.
1185 699 1261 742 ac
1304 682 1620 742 retractus
1663 675 1978 741 Ravenna
2021 697 2136 741 ex·
2158 694 2208 736 ιο

312 782 494 867 sequi
538 783 1017 847 accusationem
1062 781 1379 866 adigitur,
1441 802 1572 845 non
1618 780 1984 845 occultante
2027 780 2136 844 Ti-

310 885 491 950 berio
555 891 743 950 vetus
807 885 1029 950 odium
1094 885 1434 949 adversum
1496 885 1756 949 exulem
1801 884 2135 950 Serenum.

262 1003 273 1010 ‘
309 1012 457 1056 nam
493 998 643 1075 post
682 992 1051 1056 damnatum
1082 990 1402 1054 Libonem
1437 989 1645 1053 missis
1676 989 1759 1053 ad
1793 989 2137 1053 Caesarem

308 1080 540 1160 litteris
588 1095 1093 1180 exprobraverat
1144 1115 1330 1158 suum
1375 1099 1628 1158 tantum
1671 1092 1953 1156 studium
1998 1093 2134 1156 sine

306 1197 522 1262 fructu
567 1198 763 1263 fuisse
818 1197 1286 1282 addideratque
1333 1197 1650 1282 quaedam
1694 1197 2134 1262 contumacius
2156 1221 2207 1260 15

310 1324 505 1388 quam
561 1308 771 1368 tutum
829 1303 1003 1389 apud
1062 1323 1252 1367 aures
1315 1303 1624 1387 superbas
1669 1309 1739 1366 et
1796 1300 2136 1366 offensioni

310 1406 670 1490 proniores.
760 1429 840 1473 ea
886 1407 1127 1473 Caesar
1187 1414 1332 1472 octo
1398 1414 1549 1491 post
1609 1425 1810 1471 annos
1867 1405 2134 1488 rettulit,

310 1509 597 1574 medium
643 1517 899 1596 tempus
939 1512 1117 1576 varie
1159 1531 1455 1594 arguens,
1503 1511 1697 1575 etiam
1729 1510 1781 1574 si
1813 1513 2136 1574 tormenta

311 1614 676 1698 pervicacia
719 1635 1049 1680 servorum
1096 1620 1322 1679 contra
1366 1615 1750 1680 evenissent.

443 1718 547 1782 30.
607 1718 815 1783 Dictis
880 1719 1029 1782 dein
1093 1718 1430 1783 sententiis
1489 1724 1561 1781 ut
1613 1719 1896 1782 Serenus
1952 1740 2132 1784 more

312 1822 626 1886 maiorum
668 1823 1025 1906 puniretur,
1073 1844 1199 1907 quo
1247 1823 1529 1888 molliret
1563 1824 1888 1906 invidiam,
1933 1824 2131 1888 inter-

313 1928 524 1993 cessit.
616 1925 842 1993 Gallus
886 1926 1153 1993 Asinius
1201 1925 1422 2011 Gyaro
1482 1932 1594 1991 aut
1636 1927 1908 1991 Donusa
1958 1927 2131 1992 clau-

312 2034 596 2098 dendum
629 2040 883 2102 censet:
930 2033 997 2096 id
1030 2053 1288 2118 quoque
1325 2038 1702 2117 aspernatus
1734 2038 1834 2095 est
1862 2050 2134 2114 egenam

310 2159 515 2223 aquae
558 2144 895 2222 utramque
926 2138 1203 2202 insulam
1232 2136 1521 2201 referens
1555 2135 1930 2220 dandosque
1959 2135 2131 2199 vitae
2151 2155 2177 2193 ⁶

307 2262 463 2305 usus
504 2242 604 2306 cui
634 2242 769 2306 vita
798 2240 1283 2307 concederetur.
1341 2242 1433 2305 ita
1463 2240 1744 2306 Serenus
1771 2238 2133 2322 Amorgum

309 2350 695 2428 reportatur.
798 2351 864 2409 et
925 2347 1077 2430 quia
1140 2346 1463 2412 Cornutus
1526 2367 1642 2411 sua
1706 2365 1902 2410 manu
1966 2345 2130 2409 ceci-

311 2448 513 2531 derat,
558 2454 772 2531 actum
819 2449 902 2513 de
945 2450 1252 2533 praemiis
1291 2455 1734 2516 accusatorum
1773 2449 2132 2533 abolendiS,

310 2553 511 2637 siquis
567 2554 919 2618 maiestatis
977 2552 1346 2638 postulatus
1405 2559 1556 2618 ante
1613 2552 1975 2638 perfectum
2035 2554 2131 2617 iu-

311 2657 548 2722 dicium
592 2678 662 2722 se
696 2658 838 2741 ipse
881 2658 1015 2722 vita
1043 2657 1445 2742 privavisset.
1518 2657 1861 2741 ibaturque
1893 2656 1960 2722 in
1993 2677 2134 2721 eam
2152 2680 2204 2722 ιο

309 2762 717 2841 sententiam,
764 2763 833 2827 ni
869 2761 1089 2827 durius
1134 2768 1486 2848 contraque
1517 2784 1767 2827 morem
1803 2783 1990 2827 suum
2021 2783 2131 2846 pa-

306 2867 439 2931 lam
487 2866 725 2931 Caesar
765 2867 989 2930 inritas
1033 2867 1238 2950 leges,
1281 2886 1422 2930 rem
1467 2867 1792 2953 publicam
1837 2868 1902 2930 in
1948 2888 2133 2951 prae-

308 2971 489 3056 cipiti
534 2977 925 3055 conquestus
971 2976 1178 3036 esset:
1234 2972 1688 3037 subverterent
1729 2973 1946 3057 potius
1993 2973 2134 3036 iura

308 3095 499 3159 quam
546 3074 849 3139 custodes
894 3093 1122 3139 eorum
1166 3080 1566 3141 amoverent.
1648 3077 1740 3140 sic
1786 3075 2132 3159 delatores,

307 3198 513 3262 genus
535 3178 870 3242 hominum
891 3178 1151 3263 publico
1185 3179 1388 3244 exitio
1415 3185 1766 3265 repertum,
1797 3200 1879 3243 ne
1902 3180 2132 3263 poenis
2151 3206 2203 3246 16

310 3281 573 3365 quidem
602 3303 904 3368 umquam
952 3283 1107 3348 satis
1138 3284 1508 3367 coercitum,
1551 3304 1672 3368 per
1701 3285 1989 3368 praemia
2019 3284 2132 3347 eli-

310 3385 661 3451 ciebantur.
