<?xml version="1.0" encoding="UTF-8"?>
<!DOCTYPE html PUBLIC "-//W3C//DTD XHTML 1.0 Transitional//EN"
    "http://www.w3.org/TR/xhtml1/DTD/xhtml1-transitional.dtd">
<html xmlns="http://www.w3.org/1999/xhtml" xml:lang="en" lang="en">
 <head>
  <title>
</title>
<meta http-equiv="Content-Type" content="text/html;charset=utf-8" />
  <meta name='ocr-system' content='tesseract 3.04.00' />
  <meta name='ocr-capabilities' content='ocr_page ocr_carea ocr_par ocr_line ocrx_word'/>
</head>
<body>
  <div class='ocr_page' id='page_1' title='image "./corneliitacitia00gitlgoog_0035.png"; bbox 0 0 2467 3900; ppageno 0'>
   <div class='ocr_carea' id='block_1_1' title="bbox 1621 5 2398 18">
    <p class='ocr_par' dir='ltr' id='par_1_1' title="bbox 1621 5 2398 18">
     <span class='ocr_line' id='line_1_1' title="bbox 1621 5 2398 18; baseline 0 -7"><span class='ocrx_word' id='word_1_1' title='bbox 1621 5 2398 18; x_wconf 36' lang='lat' dir='ltr'>Q——k—</span> 
     </span>
    </p>
   </div>
   <div class='ocr_carea' id='block_1_2' title="bbox 623 204 2047 262">
    <p class='ocr_par' dir='ltr' id='par_1_2' title="bbox 623 204 2047 262">
     <span class='ocr_line' id='line_1_2' title="bbox 623 204 2047 262; baseline 0 -12"><span class='ocrx_word' id='word_1_2' title='bbox 623 211 700 250; x_wconf 82' lang='grc' dir='ltr'>ΔΒ</span> <span class='ocrx_word' id='word_1_3' title='bbox 726 210 978 251; x_wconf 77' lang='grc' dir='ltr'>ΕΧΟΕΒΒῸ</span> <span class='ocrx_word' id='word_1_4' title='bbox 1004 211 1134 250; x_wconf 72' lang='lat' dir='ltr'>DIVI</span> <span class='ocrx_word' id='word_1_5' title='bbox 1161 209 1417 250; x_wconf 78' lang='lat' dir='ltr'>AUGUSTI</span> <span class='ocrx_word' id='word_1_6' title='bbox 1443 211 1466 250; x_wconf 92' lang='lat'>1</span> <span class='ocrx_word' id='word_1_7' title='bbox 1492 211 1659 250; x_wconf 83' lang='lat'>28—31.</span> <span class='ocrx_word' id='word_1_8' title='bbox 1972 204 2047 262; x_wconf 81' lang='lat'>23</span> 
     </span>
    </p>
   </div>
   <div class='ocr_carea' id='block_1_3' title="bbox 212 368 2121 3495">
    <p class='ocr_par' dir='ltr' id='par_1_3' title="bbox 212 368 2119 1270">
     <span class='ocr_line' id='line_1_3' title="bbox 212 368 2047 456; baseline 0 -22"><span class='ocrx_word' id='word_1_9' title='bbox 212 369 413 437; x_wconf 89' lang='lat' dir='ltr'>terim</span> <span class='ocrx_word' id='word_1_10' title='bbox 461 371 761 436; x_wconf 92' lang='lat' dir='ltr'>comitate</span> <span class='ocrx_word' id='word_1_11' title='bbox 807 368 1339 456; x_wconf 88' lang='lat' dir='ltr'>permulcendum</span> <span class='ocrx_word' id='word_1_12' title='bbox 1386 369 1655 434; x_wconf 90' lang='lat' dir='ltr'>militem</span> <span class='ocrx_word' id='word_1_13' title='bbox 1691 376 2047 451; x_wconf 82' lang='lat' dir='ltr'>censerent,</span> 
     </span>
     <span class='ocr_line' id='line_1_4' title="bbox 215 473 2048 559; baseline 0 -21"><span class='ocrx_word' id='word_1_14' title='bbox 215 474 333 538; x_wconf 90' lang='lat' dir='ltr'>alii</span> <span class='ocrx_word' id='word_1_15' title='bbox 378 473 750 541; x_wconf 86' lang='lat' dir='ltr'>fortioribus</span> <span class='ocrx_word' id='word_1_16' title='bbox 793 474 1102 540; x_wconf 81' lang='lat' dir='ltr'>remediis</span> <span class='ocrx_word' id='word_1_17' title='bbox 1141 474 1503 558; x_wconf 87' lang='lat' dir='ltr'>agendum:</span> <span class='ocrx_word' id='word_1_18' title='bbox 1550 474 1710 539; x_wconf 90' lang='lat' dir='ltr'>nihil</span> <span class='ocrx_word' id='word_1_19' title='bbox 1753 475 1823 540; x_wconf 93' lang='lat' dir='ltr'>in</span> <span class='ocrx_word' id='word_1_20' title='bbox 1851 475 2048 559; x_wconf 86' lang='lat' dir='ltr'>vulgo</span> 
     </span>
     <span class='ocr_line' id='line_1_5' title="bbox 216 575 2049 662; baseline 0.001 -21"><span class='ocrx_word' id='word_1_21' title='bbox 216 575 582 658; x_wconf 83' lang='lat' dir='ltr'>modicum3</span> <span class='ocrx_word' id='word_1_22' title='bbox 629 582 896 658; x_wconf 90' lang='lat' dir='ltr'>terrere,</span> <span class='ocrx_word' id='word_1_23' title='bbox 941 577 1008 640; x_wconf 91' lang='lat' dir='ltr'>ni</span> <span class='ocrx_word' id='word_1_24' title='bbox 1053 583 1363 661; x_wconf 82' lang='lat' dir='ltr'>paveant3</span> <span class='ocrx_word' id='word_1_25' title='bbox 1423 577 1535 641; x_wconf 92' lang='lat' dir='ltr'>ubi</span> <span class='ocrx_word' id='word_1_26' title='bbox 1580 578 2049 662; x_wconf 83' lang='lat' dir='ltr'>pertimuerint,</span> 
     </span>
     <span class='ocr_line' id='line_1_6' title="bbox 218 679 2049 766; baseline 0.001 -20"><span class='ocrx_word' id='word_1_27' title='bbox 218 682 465 765; x_wconf 90' lang='lat' dir='ltr'>inpune</span> <span class='ocrx_word' id='word_1_28' title='bbox 535 681 894 747; x_wconf 81' lang='lat' dir='ltr'>contemni:</span> <span class='ocrx_word' id='word_1_29' title='bbox 969 679 1123 745; x_wconf 89' lang='lat' dir='ltr'>dum</span> <span class='ocrx_word' id='word_1_30' title='bbox 1178 682 1553 766; x_wconf 81' lang='lat' dir='ltr'>superstitio</span> <span class='ocrx_word' id='word_1_31' title='bbox 1615 688 1877 766; x_wconf 87' lang='lat' dir='ltr'>urgeat,</span> <span class='ocrx_word' id='word_1_32' title='bbox 1934 682 2049 747; x_wconf 91' lang='lat' dir='ltr'>ad-</span> 
     </span>
     <span class='ocr_line' id='line_1_7' title="bbox 219 785 2119 872; baseline 0.001 -22"><span class='ocrx_word' id='word_1_33' title='bbox 219 785 518 852; x_wconf 89' lang='lat' dir='ltr'>iciendos</span> <span class='ocrx_word' id='word_1_34' title='bbox 552 808 636 851; x_wconf 82' lang='lat' dir='ltr'>ex</span> <span class='ocrx_word' id='word_1_35' title='bbox 668 785 830 851; x_wconf 92' lang='lat' dir='ltr'>duce</span> <span class='ocrx_word' id='word_1_36' title='bbox 877 791 1108 852; x_wconf 86' lang='lat' dir='ltr'>metus.</span> <span class='ocrx_word' id='word_1_37' title='bbox 1198 791 1571 872; x_wconf 86' lang='lat' dir='ltr'>promptum</span> <span class='ocrx_word' id='word_1_38' title='bbox 1608 785 1693 850; x_wconf 88' lang='lat' dir='ltr'>ad</span> <span class='ocrx_word' id='word_1_39' title='bbox 1722 787 2051 872; x_wconf 83' lang='lat' dir='ltr'>asperiora</span> <span class='ocrx_word' id='word_1_40' title='bbox 2069 815 2119 854; x_wconf 83' lang='lat'>15</span> 
     </span>
     <span class='ocr_line' id='line_1_8' title="bbox 219 890 2048 976; baseline 0.001 -20"><span class='ocrx_word' id='word_1_41' title='bbox 219 890 801 976; x_wconf 71' lang='lat' dir='ltr'>ingeniumDruso</span> <span class='ocrx_word' id='word_1_42' title='bbox 850 896 1017 956; x_wconf 88' lang='lat' dir='ltr'>erat:</span> <span class='ocrx_word' id='word_1_43' title='bbox 1064 897 1331 957; x_wconf 80' lang='lat' dir='ltr'>vocatos</span> <span class='ocrx_word' id='word_1_44' title='bbox 1362 890 1758 956; x_wconf 89' lang='lat' dir='ltr'>Vibulenum</span> <span class='ocrx_word' id='word_1_45' title='bbox 1797 897 1863 956; x_wconf 95' lang='lat' dir='ltr'>et</span> <span class='ocrx_word' id='word_1_46' title='bbox 1891 892 2048 957; x_wconf 90' lang='lat' dir='ltr'>Per-</span> 
     </span>
     <span class='ocr_line' id='line_1_9' title="bbox 220 993 2050 1080; baseline 0 -20"><span class='ocrx_word' id='word_1_47' title='bbox 220 997 526 1062; x_wconf 89' lang='lat' dir='ltr'>cennium</span> <span class='ocrx_word' id='word_1_48' title='bbox 585 995 858 1061; x_wconf 91' lang='lat' dir='ltr'>interfici</span> <span class='ocrx_word' id='word_1_49' title='bbox 920 995 1116 1060; x_wconf 91' lang='lat' dir='ltr'>iubet.</span> <span class='ocrx_word' id='word_1_50' title='bbox 1213 993 1479 1060; x_wconf 87' lang='lat' dir='ltr'>tradunt</span> <span class='ocrx_word' id='word_1_51' title='bbox 1534 995 1829 1080; x_wconf 85' lang='lat' dir='ltr'>plerique</span> <span class='ocrx_word' id='word_1_52' title='bbox 1885 997 2050 1060; x_wconf 90' lang='lat' dir='ltr'>intra</span> 
     </span>
     <span class='ocr_line' id='line_1_10' title="bbox 220 1088 2052 1184; baseline 0.001 -21"><span class='ocrx_word' id='word_1_53' title='bbox 220 1100 712 1166; x_wconf 86' lang='lat' dir='ltr'>tabernaculum</span> <span class='ocrx_word' id='word_1_54' title='bbox 771 1088 965 1165; x_wconf 88' lang='lat' dir='ltr'>ducis</span> <span class='ocrx_word' id='word_1_55' title='bbox 1011 1099 1312 1179; x_wconf 86' lang='lat' dir='ltr'>obrutos,</span> <span class='ocrx_word' id='word_1_56' title='bbox 1377 1099 1485 1163; x_wconf 91' lang='lat' dir='ltr'>alii</span> <span class='ocrx_word' id='word_1_57' title='bbox 1548 1121 1821 1184; x_wconf 86' lang='lat' dir='ltr'>corpora</span> <span class='ocrx_word' id='word_1_58' title='bbox 1866 1106 2052 1165; x_wconf 86' lang='lat' dir='ltr'>extra</span> 
     </span>
     <span class='ocr_line' id='line_1_11' title="bbox 224 1204 1119 1270; baseline 0 -1"><span class='ocrx_word' id='word_1_59' title='bbox 224 1205 469 1270; x_wconf 83' lang='lat' dir='ltr'>vallum</span> <span class='ocrx_word' id='word_1_60' title='bbox 516 1204 770 1270; x_wconf 90' lang='lat' dir='ltr'>abiecta</span> <span class='ocrx_word' id='word_1_61' title='bbox 816 1206 1119 1270; x_wconf 90' lang='lat' dir='ltr'>ostentui.</span> 
     </span>
    </p>

    <p class='ocr_par' dir='ltr' id='par_1_4' title="bbox 221 1309 2121 3264">
     <span class='ocr_line' id='line_1_12' title="bbox 359 1309 2051 1394; baseline -0.001 -20"><span class='ocrx_word' id='word_1_62' title='bbox 359 1311 459 1374; x_wconf 86' lang='lat'>30.</span> <span class='ocrx_word' id='word_1_63' title='bbox 523 1309 690 1374; x_wconf 84' lang='lat' dir='ltr'>Tum</span> <span class='ocrx_word' id='word_1_64' title='bbox 733 1315 806 1373; x_wconf 92' lang='lat' dir='ltr'>ut</span> <span class='ocrx_word' id='word_1_65' title='bbox 833 1310 1105 1394; x_wconf 89' lang='lat' dir='ltr'>quisque</span> <span class='ocrx_word' id='word_1_66' title='bbox 1144 1309 1531 1393; x_wconf 89' lang='lat' dir='ltr'>praecipuus</span> <span class='ocrx_word' id='word_1_67' title='bbox 1575 1309 1867 1373; x_wconf 89' lang='lat' dir='ltr'>turbator</span> <span class='ocrx_word' id='word_1_68' title='bbox 1897 1329 2051 1374; x_wconf 90' lang='lat' dir='ltr'>con-</span> 
     </span>
     <span class='ocr_line' id='line_1_13' title="bbox 221 1411 2051 1497; baseline 0.001 -22"><span class='ocrx_word' id='word_1_69' title='bbox 221 1411 445 1496; x_wconf 88' lang='lat' dir='ltr'>quisiti</span> <span class='ocrx_word' id='word_1_70' title='bbox 503 1419 570 1477; x_wconf 94' lang='lat' dir='ltr'>et</span> <span class='ocrx_word' id='word_1_71' title='bbox 618 1433 767 1497; x_wconf 89' lang='lat' dir='ltr'>pars</span> <span class='ocrx_word' id='word_1_72' title='bbox 813 1418 999 1477; x_wconf 84' lang='lat' dir='ltr'>extra</span> <span class='ocrx_word' id='word_1_73' title='bbox 1043 1418 1253 1476; x_wconf 84' lang='lat' dir='ltr'>castra</span> <span class='ocrx_word' id='word_1_74' title='bbox 1309 1413 1601 1497; x_wconf 88' lang='lat' dir='ltr'>palantes</span> <span class='ocrx_word' id='word_1_75' title='bbox 1646 1432 1685 1475; x_wconf 90' lang='lat' dir='ltr'>a</span> <span class='ocrx_word' id='word_1_76' title='bbox 1729 1413 2051 1478; x_wconf 89' lang='lat' dir='ltr'>centurio-</span> 
     </span>
     <span class='ocr_line' id='line_1_14' title="bbox 221 1514 2051 1601; baseline 0.001 -21"><span class='ocrx_word' id='word_1_77' title='bbox 221 1514 416 1581; x_wconf 81' lang='lat' dir='ltr'>nibus</span> <span class='ocrx_word' id='word_1_78' title='bbox 453 1523 564 1580; x_wconf 92' lang='lat' dir='ltr'>aut</span> <span class='ocrx_word' id='word_1_79' title='bbox 605 1517 1076 1601; x_wconf 88' lang='lat' dir='ltr'>praetoriarum</span> <span class='ocrx_word' id='word_1_80' title='bbox 1107 1517 1471 1581; x_wconf 83' lang='lat' dir='ltr'>cohortium</span> <span class='ocrx_word' id='word_1_81' title='bbox 1518 1516 1824 1582; x_wconf 85' lang='lat' dir='ltr'>militibus</span> <span class='ocrx_word' id='word_1_82' title='bbox 1858 1519 2051 1582; x_wconf 88' lang='lat' dir='ltr'>caesi.</span> 
     </span>
     <span class='ocr_line' id='line_1_15' title="bbox 223 1618 2051 1706; baseline 0.002 -24"><span class='ocrx_word' id='word_1_83' title='bbox 223 1618 545 1703; x_wconf 91' lang='lat' dir='ltr'>quosdam</span> <span class='ocrx_word' id='word_1_84' title='bbox 599 1619 724 1704; x_wconf 90' lang='lat' dir='ltr'>ipsi</span> <span class='ocrx_word' id='word_1_85' title='bbox 783 1621 1092 1706; x_wconf 86' lang='lat' dir='ltr'>manipuli</span> <span class='ocrx_word' id='word_1_86' title='bbox 1145 1618 1609 1686; x_wconf 88' lang='lat' dir='ltr'>documentum</span> <span class='ocrx_word' id='word_1_87' title='bbox 1654 1620 1808 1686; x_wconf 89' lang='lat' dir='ltr'>fidei</span> <span class='ocrx_word' id='word_1_88' title='bbox 1853 1621 2051 1686; x_wconf 91' lang='lat' dir='ltr'>tradi-</span> 
     </span>
     <span class='ocr_line' id='line_1_16' title="bbox 223 1723 2093 1809; baseline 0.001 -23"><span class='ocrx_word' id='word_1_89' title='bbox 223 1723 403 1788; x_wconf 86' lang='lat' dir='ltr'>dere.</span> <span class='ocrx_word' id='word_1_90' title='bbox 492 1731 765 1789; x_wconf 83' lang='lat' dir='ltr'>auxerat</span> <span class='ocrx_word' id='word_1_91' title='bbox 819 1725 1098 1789; x_wconf 89' lang='lat' dir='ltr'>militum</span> <span class='ocrx_word' id='word_1_92' title='bbox 1151 1745 1336 1789; x_wconf 87' lang='lat' dir='ltr'>curas</span> <span class='ocrx_word' id='word_1_93' title='bbox 1380 1731 1787 1809; x_wconf 89' lang='lat' dir='ltr'>praematura</span> <span class='ocrx_word' id='word_1_94' title='bbox 1843 1725 2051 1791; x_wconf 90' lang='lat' dir='ltr'>hiems</span> <span class='ocrx_word' id='word_1_95' title='bbox 2069 1750 2093 1788; x_wconf 81' lang='lat'><strong>5</strong></span> 
     </span>
     <span class='ocr_line' id='line_1_17' title="bbox 223 1827 2050 1919; baseline 0.001 -27"><span class='ocrx_word' id='word_1_96' title='bbox 223 1827 538 1919; x_wconf 80' lang='lat' dir='ltr'>¹imbribus</span> <span class='ocrx_word' id='word_1_97' title='bbox 588 1829 904 1895; x_wconf 84' lang='lat' dir='ltr'>continuis</span> <span class='ocrx_word' id='word_1_98' title='bbox 948 1828 1243 1914; x_wconf 86' lang='lat' dir='ltr'>adeoque</span> <span class='ocrx_word' id='word_1_99' title='bbox 1288 1829 1518 1910; x_wconf 82' lang='lat' dir='ltr'>saevis,</span> <span class='ocrx_word' id='word_1_100' title='bbox 1559 1837 1629 1893; x_wconf 93' lang='lat' dir='ltr'>ut</span> <span class='ocrx_word' id='word_1_101' title='bbox 1658 1850 1789 1893; x_wconf 92' lang='lat' dir='ltr'>non</span> <span class='ocrx_word' id='word_1_102' title='bbox 1827 1829 2050 1914; x_wconf 87' lang='lat' dir='ltr'>egredi</span> 
     </span>
     <span class='ocr_line' id='line_1_18' title="bbox 223 1933 2053 2019; baseline 0.001 -22"><span class='ocrx_word' id='word_1_103' title='bbox 223 1933 542 2016; x_wconf 83' lang='lat' dir='ltr'>tentoria,</span> <span class='ocrx_word' id='word_1_104' title='bbox 602 1954 737 1998; x_wconf 90' lang='lat' dir='ltr'>non</span> <span class='ocrx_word' id='word_1_105' title='bbox 790 1934 1048 2018; x_wconf 85' lang='lat' dir='ltr'>gregari</span> <span class='ocrx_word' id='word_1_106' title='bbox 1092 1933 1261 2013; x_wconf 87' lang='lat' dir='ltr'>inter</span> <span class='ocrx_word' id='word_1_107' title='bbox 1306 1954 1376 1998; x_wconf 89' lang='lat' dir='ltr'>se</span> <span class='ocrx_word' id='word_1_108' title='bbox 1398 1983 1414 2016; x_wconf 93' lang='lat'>,</span> <span class='ocrx_word' id='word_1_109' title='bbox 1475 1933 1586 1997; x_wconf 83' lang='lat' dir='ltr'>vix</span> <span class='ocrx_word' id='word_1_110' title='bbox 1629 1933 1825 1998; x_wconf 89' lang='lat' dir='ltr'>tutari</span> <span class='ocrx_word' id='word_1_111' title='bbox 1870 1935 2053 2019; x_wconf 86' lang='lat' dir='ltr'>signa</span> 
     </span>
     <span class='ocr_line' id='line_1_19' title="bbox 224 2035 2049 2122; baseline 0.001 -21"><span class='ocrx_word' id='word_1_112' title='bbox 224 2043 525 2121; x_wconf 86' lang='lat' dir='ltr'>possent,</span> <span class='ocrx_word' id='word_1_113' title='bbox 589 2057 752 2121; x_wconf 89' lang='lat' dir='ltr'>quae</span> <span class='ocrx_word' id='word_1_114' title='bbox 817 2037 1071 2102; x_wconf 90' lang='lat' dir='ltr'>turbine</span> <span class='ocrx_word' id='word_1_115' title='bbox 1135 2044 1327 2121; x_wconf 89' lang='lat' dir='ltr'>atque</span> <span class='ocrx_word' id='word_1_116' title='bbox 1389 2035 1564 2101; x_wconf 89' lang='lat' dir='ltr'>unda</span> <span class='ocrx_word' id='word_1_117' title='bbox 1616 2037 2049 2122; x_wconf 84' lang='lat' dir='ltr'>raptabantur.</span> 
     </span>
     <span class='ocr_line' id='line_1_20' title="bbox 227 2140 2056 2207; baseline 0.001 -2"><span class='ocrx_word' id='word_1_118' title='bbox 227 2140 504 2205; x_wconf 88' lang='lat' dir='ltr'>durabat</span> <span class='ocrx_word' id='word_1_119' title='bbox 565 2147 630 2205; x_wconf 92' lang='lat' dir='ltr'>et</span> <span class='ocrx_word' id='word_1_120' title='bbox 687 2140 964 2207; x_wconf 86' lang='lat' dir='ltr'>formido</span> <span class='ocrx_word' id='word_1_121' title='bbox 1025 2142 1322 2207; x_wconf 87' lang='lat' dir='ltr'>caelestis</span> <span class='ocrx_word' id='word_1_122' title='bbox 1387 2141 1555 2207; x_wconf 87' lang='lat' dir='ltr'>irae:</span> <span class='ocrx_word' id='word_1_123' title='bbox 1632 2163 1756 2207; x_wconf 90' lang='lat' dir='ltr'>nec</span> <span class='ocrx_word' id='word_1_124' title='bbox 1822 2143 2056 2207; x_wconf 89' lang='lat' dir='ltr'>frustra</span> 
     </span>
     <span class='ocr_line' id='line_1_21' title="bbox 223 2244 2120 2331; baseline 0.001 -21"><span class='ocrx_word' id='word_1_125' title='bbox 223 2245 538 2311; x_wconf 82' lang='lat' dir='ltr'>adversus</span> <span class='ocrx_word' id='word_1_126' title='bbox 580 2246 816 2331; x_wconf 90' lang='lat' dir='ltr'>impios</span> <span class='ocrx_word' id='word_1_127' title='bbox 860 2244 1212 2310; x_wconf 88' lang='lat' dir='ltr'>hebescere</span> <span class='ocrx_word' id='word_1_128' title='bbox 1260 2244 1504 2327; x_wconf 87' lang='lat' dir='ltr'>sidera,</span> <span class='ocrx_word' id='word_1_129' title='bbox 1566 2266 1757 2311; x_wconf 90' lang='lat' dir='ltr'>ruere</span> <span class='ocrx_word' id='word_1_130' title='bbox 1801 2254 2120 2331; x_wconf 90' lang='lat' dir='ltr'>tempe-1⁰</span> 
     </span>
     <span class='ocr_line' id='line_1_22' title="bbox 227 2350 2052 2435; baseline 0 -20"><span class='ocrx_word' id='word_1_131' title='bbox 227 2357 461 2416; x_wconf 85' lang='lat' dir='ltr'>states:</span> <span class='ocrx_word' id='word_1_132' title='bbox 517 2371 650 2415; x_wconf 92' lang='lat' dir='ltr'>non</span> <span class='ocrx_word' id='word_1_133' title='bbox 695 2350 872 2415; x_wconf 89' lang='lat' dir='ltr'>aliud</span> <span class='ocrx_word' id='word_1_134' title='bbox 920 2350 1237 2414; x_wconf 89' lang='lat' dir='ltr'>malorum</span> <span class='ocrx_word' id='word_1_135' title='bbox 1283 2351 1719 2415; x_wconf 86' lang='lat' dir='ltr'>levamentum</span> <span class='ocrx_word' id='word_1_136' title='bbox 1765 2371 1955 2435; x_wconf 87' lang='lat' dir='ltr'>quam</span> <span class='ocrx_word' id='word_1_137' title='bbox 2000 2351 2052 2415; x_wconf 88' lang='lat' dir='ltr'>si</span> 
     </span>
     <span class='ocr_line' id='line_1_23' title="bbox 225 2453 2056 2539; baseline -0.001 -20"><span class='ocrx_word' id='word_1_138' title='bbox 225 2455 594 2539; x_wconf 87' lang='lat' dir='ltr'>linquerent</span> <span class='ocrx_word' id='word_1_139' title='bbox 653 2460 860 2519; x_wconf 88' lang='lat' dir='ltr'>castra</span> <span class='ocrx_word' id='word_1_140' title='bbox 917 2453 1194 2518; x_wconf 86' lang='lat' dir='ltr'>infausta</span> <span class='ocrx_word' id='word_1_141' title='bbox 1251 2461 1691 2538; x_wconf 86' lang='lat' dir='ltr'>temerataque</span> <span class='ocrx_word' id='word_1_142' title='bbox 1750 2461 1815 2518; x_wconf 92' lang='lat' dir='ltr'>et</span> <span class='ocrx_word' id='word_1_143' title='bbox 1860 2454 2056 2519; x_wconf 88' lang='lat' dir='ltr'>soluti</span> 
     </span>
     <span class='ocr_line' id='line_1_24' title="bbox 225 2556 2053 2647; baseline -0.002 -23"><span class='ocrx_word' id='word_1_144' title='bbox 225 2560 482 2647; x_wconf 90' lang='lat' dir='ltr'>piaculo</span> <span class='ocrx_word' id='word_1_145' title='bbox 543 2560 676 2624; x_wconf 93' lang='lat' dir='ltr'>suis</span> <span class='ocrx_word' id='word_1_146' title='bbox 723 2558 991 2644; x_wconf 90' lang='lat' dir='ltr'>quisque</span> <span class='ocrx_word' id='word_1_147' title='bbox 1050 2557 1335 2623; x_wconf 89' lang='lat' dir='ltr'>hibernis</span> <span class='ocrx_word' id='word_1_148' title='bbox 1388 2556 1832 2623; x_wconf 85' lang='lat' dir='ltr'>redderentur.</span> <span class='ocrx_word' id='word_1_149' title='bbox 1923 2558 2053 2643; x_wconf 88' lang='lat' dir='ltr'>pri-</span> 
     </span>
     <span class='ocr_line' id='line_1_25' title="bbox 224 2660 2052 2747; baseline -0.001 -20"><span class='ocrx_word' id='word_1_150' title='bbox 224 2684 408 2728; x_wconf 91' lang='lat' dir='ltr'>mum</span> <span class='ocrx_word' id='word_1_151' title='bbox 453 2668 700 2745; x_wconf 87' lang='lat' dir='ltr'>octava,</span> <span class='ocrx_word' id='word_1_152' title='bbox 759 2662 912 2727; x_wconf 93' lang='lat' dir='ltr'>dein</span> <span class='ocrx_word' id='word_1_153' title='bbox 955 2662 1175 2747; x_wconf 89' lang='lat' dir='ltr'>quinta</span> <span class='ocrx_word' id='word_1_154' title='bbox 1219 2660 1493 2727; x_wconf 91' lang='lat' dir='ltr'>decuma</span> <span class='ocrx_word' id='word_1_155' title='bbox 1547 2662 1721 2745; x_wconf 86' lang='lat' dir='ltr'>legio</span> <span class='ocrx_word' id='word_1_156' title='bbox 1767 2660 2052 2727; x_wconf 85' lang='lat' dir='ltr'>rediere:</span> 
     </span>
     <span class='ocr_line' id='line_1_26' title="bbox 226 2765 2121 2852; baseline -0.003 -21"><span class='ocrx_word' id='word_1_157' title='bbox 226 2785 522 2831; x_wconf 90' lang='lat' dir='ltr'>nonanus</span> <span class='ocrx_word' id='word_1_158' title='bbox 591 2766 1021 2852; x_wconf 86' lang='lat' dir='ltr'>opperiendas</span> <span class='ocrx_word' id='word_1_159' title='bbox 1083 2765 1326 2831; x_wconf 84' lang='lat' dir='ltr'>Tiberii</span> <span class='ocrx_word' id='word_1_160' title='bbox 1370 2768 1699 2852; x_wconf 85' lang='lat' dir='ltr'>epistulas</span> <span class='ocrx_word' id='word_1_161' title='bbox 1766 2766 2051 2832; x_wconf 89' lang='lat' dir='ltr'>clamita·</span> <span class='ocrx_word' id='word_1_162' title='bbox 2072 2786 2121 2825; x_wconf 69' lang='grc' dir='ltr'>ιε</span> 
     </span>
     <span class='ocr_line' id='line_1_27' title="bbox 229 2869 2053 2953; baseline 0 -18"><span class='ocrx_word' id='word_1_163' title='bbox 229 2877 442 2953; x_wconf 78' lang='lat' dir='ltr'>verat,</span> <span class='ocrx_word' id='word_1_164' title='bbox 507 2892 662 2935; x_wconf 85' lang='lat' dir='ltr'>mox</span> <span class='ocrx_word' id='word_1_165' title='bbox 710 2869 1039 2935; x_wconf 89' lang='lat' dir='ltr'>desolatus</span> <span class='ocrx_word' id='word_1_166' title='bbox 1095 2870 1369 2935; x_wconf 89' lang='lat' dir='ltr'>aliorum</span> <span class='ocrx_word' id='word_1_167' title='bbox 1417 2870 1809 2935; x_wconf 87' lang='lat' dir='ltr'>discessione</span> <span class='ocrx_word' id='word_1_168' title='bbox 1866 2870 2053 2935; x_wconf 90' lang='lat' dir='ltr'>inmi-</span> 
     </span>
     <span class='ocr_line' id='line_1_28' title="bbox 227 2975 2055 3061; baseline 0.001 -22"><span class='ocrx_word' id='word_1_169' title='bbox 227 2981 495 3039; x_wconf 86' lang='lat' dir='ltr'>nentem</span> <span class='ocrx_word' id='word_1_170' title='bbox 524 2976 979 3040; x_wconf 89' lang='lat' dir='ltr'>necessitatem</span> <span class='ocrx_word' id='word_1_171' title='bbox 1011 2981 1244 3060; x_wconf 91' lang='lat' dir='ltr'>sponte</span> <span class='ocrx_word' id='word_1_172' title='bbox 1276 2975 1630 3061; x_wconf 82' lang='lat' dir='ltr'>praevenit.</span> <span class='ocrx_word' id='word_1_173' title='bbox 1707 2981 1773 3041; x_wconf 89' lang='lat' dir='ltr'>et</span> <span class='ocrx_word' id='word_1_174' title='bbox 1803 2976 2055 3040; x_wconf 89' lang='lat' dir='ltr'>Drusus</span> 
     </span>
     <span class='ocr_line' id='line_1_29' title="bbox 229 3078 2054 3164; baseline 0.001 -21"><span class='ocrx_word' id='word_1_175' title='bbox 229 3100 364 3143; x_wconf 90' lang='lat' dir='ltr'>non</span> <span class='ocrx_word' id='word_1_176' title='bbox 422 3085 798 3164; x_wconf 87' lang='lat' dir='ltr'>exspectato</span> <span class='ocrx_word' id='word_1_177' title='bbox 859 3079 1224 3162; x_wconf 87' lang='lat' dir='ltr'>legatorum</span> <span class='ocrx_word' id='word_1_178' title='bbox 1284 3098 1618 3162; x_wconf 78' lang='lat' dir='ltr'>regressa,</span> <span class='ocrx_word' id='word_1_179' title='bbox 1674 3078 1824 3163; x_wconf 88' lang='lat' dir='ltr'>quia</span> <span class='ocrx_word' id='word_1_180' title='bbox 1868 3100 2054 3163; x_wconf 90' lang='lat' dir='ltr'>prae-</span> 
     </span>
     <span class='ocr_line' id='line_1_30' title="bbox 230 3182 1779 3264; baseline 0 -17"><span class='ocrx_word' id='word_1_181' title='bbox 230 3182 440 3247; x_wconf 89' lang='lat' dir='ltr'>sentia</span> <span class='ocrx_word' id='word_1_182' title='bbox 484 3183 638 3247; x_wconf 88' lang='lat' dir='ltr'>satis</span> <span class='ocrx_word' id='word_1_183' title='bbox 685 3182 1134 3264; x_wconf 86' lang='lat' dir='ltr'>consederant,</span> <span class='ocrx_word' id='word_1_184' title='bbox 1181 3182 1250 3247; x_wconf 92' lang='lat' dir='ltr'>in</span> <span class='ocrx_word' id='word_1_185' title='bbox 1293 3182 1522 3248; x_wconf 86' lang='lat' dir='ltr'>urbem</span> <span class='ocrx_word' id='word_1_186' title='bbox 1565 3182 1779 3247; x_wconf 89' lang='lat' dir='ltr'>rediit.</span> 
     </span>
    </p>

    <p class='ocr_par' dir='ltr' id='par_1_5' title="bbox 233 3285 2057 3495">
     <span class='ocr_line' id='line_1_31' title="bbox 363 3285 2057 3371; baseline -0.001 -20"><span class='ocrx_word' id='word_1_187' title='bbox 363 3289 468 3353; x_wconf 89' lang='lat'>31.</span> <span class='ocrx_word' id='word_1_188' title='bbox 531 3287 749 3352; x_wconf 90' lang='lat' dir='ltr'>Isdem</span> <span class='ocrx_word' id='word_1_189' title='bbox 783 3287 865 3352; x_wconf 94' lang='lat' dir='ltr'>de</span> <span class='ocrx_word' id='word_1_190' title='bbox 893 3286 1100 3351; x_wconf 87' lang='lat' dir='ltr'>causis</span> <span class='ocrx_word' id='word_1_191' title='bbox 1131 3285 1557 3351; x_wconf 81' lang='lat' dir='ltr'>Germanicae</span> <span class='ocrx_word' id='word_1_192' title='bbox 1601 3286 1894 3371; x_wconf 87' lang='lat' dir='ltr'>legiones</span> <span class='ocrx_word' id='word_1_193' title='bbox 1926 3292 2057 3349; x_wconf 89' lang='lat' dir='ltr'>tur-</span> 
     </span>
     <span class='ocr_line' id='line_1_32' title="bbox 233 3389 2056 3495; baseline 0 -38"><span class='ocrx_word' id='word_1_194' title='bbox 233 3391 449 3474; x_wconf 86' lang='lat' dir='ltr'>batae,</span> <span class='ocrx_word' id='word_1_195' title='bbox 498 3400 735 3478; x_wconf 90' lang='lat' dir='ltr'>quanto</span> <span class='ocrx_word' id='word_1_196' title='bbox 782 3394 1036 3477; x_wconf 87' lang='lat' dir='ltr'>plures,</span> <span class='ocrx_word' id='word_1_197' title='bbox 1083 3395 1264 3455; x_wconf 87' lang='lat' dir='ltr'>tanto</span> <span class='ocrx_word' id='word_1_198' title='bbox 1313 3389 1661 3495; x_wconf 73' lang='lat' dir='ltr'>violentius</span> <span class='ocrx_word' id='word_1_199' title='bbox 1712 3402 1777 3458; x_wconf 82' lang='lat' dir='ltr'>et</span> <span class='ocrx_word' id='word_1_200' title='bbox 1823 3416 2056 3481; x_wconf 83' lang='lat' dir='ltr'>magna</span> 
     </span>
    </p>
   </div>
  </div>
 </body>
</html>
