2467 3900
327 180 401 236 88
985 187 1263 228 CORNELII
1289 187 1486 228 'I'AGI'I'I

328 346 647 430 provisior
692 347 1079 431 graviorque
1126 346 1348 430 pestis.
1421 365 1633 429 neque
1665 344 1924 410 solitum
1957 345 2022 410 in·
2056 345 2188 410 tali

332 470 483 514 casu
516 451 824 536 effugium
858 449 1298 533 subveniebat,
1332 451 1400 513 in
1430 455 1654 534 aperta
1680 449 2180 534 prorumpendi,

290 554 482 639 squia
515 552 791 619 diductis
818 554 1007 618 terris
1028 554 1508 620 hauriebantur.
1569 553 1812 617 sedisse
1836 553 2181 618 inmensos

270 665 275 669 ’
330 663 602 741 montes,
645 657 785 722 visa
809 665 882 723 ut
912 658 1115 723 ardua
1146 678 1310 743 quae
1339 659 1534 743 plana
1561 657 1816 741 fuerint,
1850 658 2182 722 effulsisse

328 761 497 827 inter
538 761 791 827 ruinam
834 763 1019 845 ignes
1062 767 1449 826 memorant.
1524 761 1878 846 asperrima
1920 762 1988 825 in
2017 761 2176 826 Sar·-

332 864 559 930 dianos
622 865 763 931 lues
824 866 1170 952 plurimum
1226 865 1296 930 in
1355 865 1625 930 eosdem
1681 865 2176 932 misericordiae

328 967 555 1034 traxit:
607 990 756 1033 nam
814 969 1099 1036 centiens
1146 969 1512 1034 sestertium
1554 969 1881 1054 pollicitus
1928 970 2177 1036 Caesar

262 1077 396 1136 1oet
437 1077 748 1156 quantum
792 1072 1040 1139 aerario
1085 1079 1196 1137 aut
1239 1073 1396 1138 fisco
1442 1073 1820 1158 pendebant
1862 1073 1930 1138 in
1975 1075 2172 1159 quin-

262 1169 277 1184 ‘
330 1179 678 1261 quennium
737 1177 1012 1242 remisit.
1097 1177 1438 1260 Magnetes
1501 1200 1539 1242 a
1597 1178 1818 1262 Sipylo
1881 1177 2172 1262 proximi

311 1280 563 1347 damno
592 1302 668 1347 ac
692 1280 978 1347 remedio
1003 1281 1225 1348 habiti.
1283 1282 1588 1347 Temnios
1610 1282 2172 1368 Philadelphenos

328 1384 657 1470 Aeg-satas
692 1385 1250 1470 Apollonidenses
1296 1387 1534 1471 quique
1559 1388 1845 1452 Mosteni
1887 1392 1998 1453 aut
2020 1389 2168 1453 Ma-

330 1491 612 1556 cedon-es
648 1490 937 1574 Hyrcani
983 1494 1295 1555 vocantur
1340 1497 1408 1555 et
1435 1489 1999 1556 Hierocaesariam
2023 1491 2171 1576 My-

262 1617 313 1656 15
328 1595 534 1659 rinam
603 1595 853 1680 Cymen
913 1593 1213 1658 Tmolum
1276 1595 1478 1658 levari
1539 1594 1715 1660 idem
1775 1596 1842 1660 in
1907 1601 2168 1680 tempus

256 1777 261 1782 .
329 1699 585 1764 tributis
626 1699 921 1784 mittique
968 1719 1052 1764 ex
1101 1703 1328 1763 senatu
1364 1698 1638 1783 placuit·
1655 1699 1767 1784 qui
1796 1699 2171 1785 praesentia

332 1811 657 1890 spectaret
700 1805 1171 1890 refoveretque.
1230 1803 1542 1868 -delectus
1589 1807 1686 1867 est
1727 1803 1816 1869 M.
1848 1802 2080 1868 Ateius
2129 1824 2166 1867 e

331 1909 691 1995 praetoriis,
728 1931 810 1977 ne
844 1909 1163 1977 consulari
1196 1909 1528 1974 obtinente
1560 1905 1786 1973 Asiam
1817 1907 2164 1974 aemulatio

329 2014 499 2081 inter
540 2014 729 2100 pares
776 2022 841 2081 et
888 2036 1096 2080 exeo
1143 2014 1682 2100 impedimentum
1730 2020 2040 2079 oreretur.

459 2119 563 2182 48.
626 2118 1034 2203 Magnificam
1077 2118 1144 2182 in
1186 2118 1518 2203 publicum
1545 2118 1962 2203 largitionem·
1983 2120 2166 2185 auxit

334 2220 573 2287 Caesar
617 2222 790 2287 haud
832 2223 1043 2287 minus
1086 2228 1272 2307 grata
1316 2223 1725 2306 liberalitate,
1773 2223 1948 2308 quod
1990 2224 2170 2289 bona

328 2323 649 2390 Aemiliae
719 2326 945 2391 Musae
1007 2325 1351 2411 locupletis
1414 2327 1756 2392 intestatae
1830 2328 2038 2413 'petita
2095 2329 2166 2392 in

328 2428 555 2493 fiscum
582 2427 865 2493 Aemilio
890 2428 1165 2515 Lepide,
1197 2430 1377 2495 cuius
1407 2451 1444 2495 e
1476 2429 1671 2494 domo
1703 2430 2066 2515 videbatur,
2100 2437 2165 2495 et

289 2531 587 2597 ⁵Patulei
619 2533 836 2599 divitis
868 2535 1101 2619 equitis
1130 2535 1412 2599 Romani
1442 2534 1892 2617 hereditatem,
1939 2554 2162 2619 quam-

331 2656 523 2720 quam
578 2638 719 2722 ipse
764 2637 955 2704 heres
996 2639 1064 2704 in
1108 2650 1294 2723 parte
1337 2640 1728 2723 legeretur,
1759 2638 2029 2703 tradidit
2072 2639 2161 2703 M.

332 2740 640 2825 Servili0,
703 2762 897 2826 quem
941 2742 1264 2827 prioribus
1307 2762 1520 2826 neque
1565 2743 1880 2827 suspectis
1923 2743 2162 2808 tabulis

331 2844 639 2931 scriptum
696 2854 1135 2931 compererat,
1193 2847 1601 2912 nobilitatem
1659 2848 1990 2931 utriusque
2046 2868 2161 2932 pe-

332 2950 519 3015 cunia
561 2950 907 3015 iuvandam
952 2951 1308 3036 praefatus:
1356 2970 1566 3034 neque
1602 2951 1977 3034 cuiusquam
2007 2948 2164 3013 adiit

264 3077 313 3117 ιο
330 3055 455 3120 nisi
514 3074 658 3119 cum
703 3054 985 3119 amicitia
1028 3056 1403 3120 meruisset:
1460 3056 1726 3139 ignotos
1767 3063 1836 3120 et
1879 3056 2020 3119 aliis
2064 3054 2160 3119 in-

329 3159 546 3223 fensos
594 3179 802 3243 eoque
848 3159 1207 3244 principem
1251 3164 1696 3244 nuncupantes
1723 3160 2159 3245 procularce-

329 3265 462 3329 bat.
553 3271 841 3328 ceterum
897 3268 971 3326 ut
1014 3264 1357 3328 honestam
1401 3263 1840 3328 innocentium
1883 3284 2158 3348 pauper-

330 3371 533 3431 tatem
576 3365 833 3447 levavit,
877 3365 969 3430 ita
1010 3365 1324 3451 prodigos
1365 3372 1430 3431 et
1475 3368 1558 3432 ob
1600 3368 1844 3453 flagitia
1874 3374 2159 3452 egentes,
