2467 3900
365 196 438 252 26
1018 203 1295 243 CORNELII
1322 203 1519 243 'rAcrrI

298 389 348 426 15
367 360 559 446 paulo
623 359 1035 441 commotior,
1092 360 1216 424 nisi
1276 359 1449 444 quod
1498 361 1787 424 castitate
1850 368 1915 425 et
1974 360 2187 424 mariti

367 486 587 529 amore
656 464 945 549 quamvis
1010 463 1397 529 indomitum
1464 467 1747 530 animum
1811 465 1876 528 in
1948 465 2189 530 bonum

369 569 685 633 vertebat.

501 673 602 735 34.
668 670 799 736 Sed
831 671 1251 737 Germanicus
1285 679 1521 757 quanto
1556 672 1843 738 summae
1876 675 2015 758 spei
2037 693 2191 757 pro·

370 777 548 862 pior,
612 782 816 842 tanto·
853 777 1206 862 impensius
1249 798 1367 862 pro
1412 777 1671 842 Tiberio
1717 777 1834 842 niti
1882 796 2076 860 seque
2126 784 2195 840 et

370 882 700 965 proximos
766 887 832 946 et
887 881 1238 966 Belgarum
1304 882 1596 947 civitates
1661 883 1729 946 in
1790 882 1989 946 verba
2052 882 2195 945 eius

373 985 596 1068 adigit.
689 984 919 1049 dehinc
972 986 1191 1051 audito
1250 983 1581 1069 legionum
1634 986 1912 1050 tumultu
1957 987 2189 1069 raptim

329 1089 698 1174 sprofectus
746 1090 967 1155 obvias
1015 1089 1210 1155 extra
1244 1099 1452 1156 castra
1515 1091 1737 1156 habuit
1800 1092 2066 1156 deiectis
2125 1091 2190 1154 in

372 1194 843 1258 terramoculis
885 1197 1062 1260 velut
1089 1197 1505 1279 paenitentia.
1578 1202 1917 1281 postquam
1952 1196 2191 1260 val-lum

372 1299 546 1381 iniit,
607 1298 849 1363 dissoni
893 1294 1157 1383 questus
1215 1299 1443 1364 audiri.
1548 1305 1613 1364 et
1657 1299 1915 1385 quidam
1960 1321 2197 1385 prensa

373 1423 567 1466 manu
609 1423 728 1487 per
774 1403 1052 1488 speciem
1103 1404 1524 1469 exosculandi
1570 1405 1977 1470 inseruerunt
2031 1405 2193 1488 digi-

373 1513 497 1587 tos,
541 1511 614 1568 ut
659 1526 863 1570 vacua
905 1506 1200 1572 dentibus
1249 1529 1361 1572 ora
1413 1509 1849 1594 contingeret3
1896 1509 2006 1573 alii
2052 1531 2193 1574 cur-

308 1631 355 1669 10
375 1616 525 1674 vata
553 1609 731 1674 senio
767 1609 1057 1672 membra
1089 1609 1535 1674 ostendebant.
1588 1610 2008 1676 adsistentem
2040 1633 2193 1677 con·

375 1715 618 1778 tionem
668 1711 1003 1776 discedere
1048 1713 1122 1775 in.
1160 1713 1523 1799 manipulos
1568 1713 1780 1779 iubet:
1829 1715 1919 1779 sic
1962 1717 2197 1780 melius

376 1817 706 1882 audituros
767 1837 1177 1901 responsum3
1257 1818 1498 1882 vexilla
1558 1818 1907 1903 praeferri,
1982 1827 2055 1884 ut
2126 1820 2196 1884 id
2253 1894 2259 1899 ,

371 1919 1029 1988 saltem'discerneret
1061 1922 1394 1987 cohortes:
1434 1922 1617 1988 tarde
1640 1924 2195 2009 obtemperavere.

374 2030 526 2092 tunc
572 2050 610 2093 a
654 2026 1072 2092 veneratione
1102 2026 1386 2110 Augusti
1426 2048 1608 2091 orsus
1636 2028 1818 2091 flexit
1862 2026 1946 2091 ad
1990 2029 2192 2093 victo·

313 2152 358 2188 ¹5
375 2134 501 2197 rias
558 2133 1046 2217 triumphosque
1112 2132 1387 2214 Tiberii,
1463 2132 1825 2216 praecipuis
1898 2132 2199 2196 laudibus

378 2236 710 2300 celebrans
756 2255 918 2319 quae
983 2235 1107 2299 illis
1156 2256 1301 2300 cum
1359 2235 1723 2319 legionibus
1766 2238 2203 2321 pulcherrima

377 2339 654 2403 fecisset.
729 2337 959 2404 Italiae
990 2338 1140 2403 inde
1175 2360 1579 2421 consensum,
1617 2340 1969 2405 Galliarum
2003 2341 2197 2404 fidem

379 2442 664 2524 extollit3
698 2443 788 2506 nil
818 2464 1084 2528 usquam
1116 2444 1443 2508 turbidum
1478 2452 1589 2509 aut
1620 2444 1885 2509 discors.
1944 2444 2201 2508 silentio

378 2547 541 2611 haec
585 2545 691 2610 vel
734 2568 1059 2614 murmure
1104 2545 1361 2611 modico
1410 2530 1629 2611 audita
1674 2552 1841 2610 sunt.

513 2652 616 2717 35.
679 2650 772 2715 Ut
818 2651 1201 2715 seditionem
1232 2651 1467 2735 attigit,
1514 2650 1623 2714 ubi
1669 2650 1991 2715 modestia
2031 2650 2203 2714 mili-

382 2755 557 2837 taris,
602 2756 712 2820 ubi
758 2756 994 2819 veteris
1042 2756 1415 2839 disciplinae
1466 2754 1700 2837 decus,
1764 2774 2045 2838 quonam
2089 2754 2202 2817 tri-

383 2860 612 2943 bunOS‚
661 2880 786 2944 quo
836 2860 1245 2925 centuriones
1292 2860 1684 2945 exegissent,
1729 2860 2037 2944 rogitanS,
2082 2880 2200 2923 nu·

386 2963 540 3027 dant
582 2963 864 3027 universi
923 2983 1192 3047 corpora
1212 3013 1228 3046 ,
1294 2964 1621 3029 cicatrices
1681 2984 1764 3028 ex
1808 2962 2205 3043 vulneribus,

340 3067 727 3132 sverberum
772 3072 956 3132 notas
1003 3067 1433 3151 exprobrant3
1483 3088 1639 3131 mox
1684 3065 2045 3131 indiscretis
2092 3085 2209 3129 vo·

385 3172 563 3237 cibus
595 3171 802 3255 pretia
829 3171 1257 3254 vacationum,
1304 3172 1631 3257 angustias
1669 3170 1991 3256 stipendii,
2030 3169 2206 3234 duri·

383 3276 538 3340 tiam
572 3296 842 3361 operum
887 3296 961 3339 ac
1003 3274 1281 3360 propriis
1321 3275 1686 3341 nominibus
1732 3276 2027 3339 incusant
2068 3274 2207 3340 val·

384 3379 516 3444 lum
580 3380 819 3457 fossas,
872 3378 1092 3463 pabuli
1152 3381 1459 3444 materiae
1512 3378 1834 3462 lignorum
1893 3373 2209 3462 adgestus
