2467 3900
617 237 693 275 AB
724 235 981 277 Excusso
1006 235 1136 276 n1v1
1164 235 1419 276 AUGUSTI
1445 235 1516 274 111
1542 235 1712 275 50-53.
1971 230 2083 287 143
2154 263 2159 268 .

253 392 320 455 id
365 392 701 475 negotium
762 393 845 456 ad
902 393 1263 478 principem
1320 392 1721 458 distulerant.
1811 392 1929 456 sed
1973 393 2080 457 Ti-

253 497 469 562 berius
528 497 847 582 pensitato
906 521 986 564 an
1034 499 1322 563 coerceri
1375 504 1507 562 tam
1553 497 1858 583 profusae
1904 499 2080 583 cupi-

254 602 439 666 dines
483 609 782 686 possent,
826 625 981 669 num
1028 605 1334 677 coercitio
1382 605 1528 689 plus
1575 603 1790 668 damni
1833 605 1899 668 in
1943 625 2085 669 rem
2101 621 2152 662 15

251 706 575 789 publicam
610 706 809 772 ferret
853 727 1044 791 quam
1085 707 1467 773 indecorum
1507 705 1864 773 adtrectare
1908 708 2081 793 quod

252 831 386 874 non
452 811 775 875 obtineret
836 811 944 876 vel
993 817 1318 876 retentum
1380 811 1799 893 ignominiam
1864 819 1930 876 et
1982 813 2078 877 in-

250 912 508 979 famiam
544 915 832 978 virorum
863 914 1228 979 inlustrium
1258 920 1576 999 posceret,
1596 922 1940 999 ⁸postremo
1973 917 2078 981 lit-

249 1024 422 1084 teras
469 1017 553 1083 ad
600 1023 895 1083 senatum
933 1019 1318 1102 composuit,
1367 1039 1636 1103 quarum
1665 1021 1987 1084 sententia
2015 1022 2082 1084 in

248 1125 420 1188 hunc
466 1123 767 1188 modum:
2097 1151 2151 1190 20

384 1227 488 1290 53.
559 1225 835 1309 ,Ceteris
898 1225 1167 1289 forsitan
1228 1226 1297 1290 in
1357 1225 1584 1306 rebus,
1644 1230 1861 1310 patres
1926 1246 2079 1291 con-

252 1329 501 1415 scripti,
564 1330 771 1414 magis
818 1328 1125 1414 expediat
1166 1350 1271 1392 me
1319 1349 1538 1392 coram
1584 1330 1968 1414 interrogari
2013 1335 2080 1395 et

253 1434 472 1500 dicere
521 1434 673 1518 quid
720 1454 755 1498 e
800 1456 873 1499 re
929 1433 1189 1519 publica
1249 1454 1577 1499 censeam:
1636 1435 1703 1498 in
1747 1435 1867 1500 hac
1909 1437 2076 1501 rela-

249 1537 427 1602 tione
492 1537 780 1602 subtrahi
854 1538 1075 1602 oculos
1136 1538 1401 1621 melius,
1473 1559 1557 1602 ne
1624 1538 2076 1604 denotantibus

247 1641 433 1706 vobis
498 1662 611 1707 ora
673 1663 746 1707 ac
808 1648 1055 1706 metum
1119 1643 1550 1726 singulorum,
1615 1644 1726 1729 qui
1787 1643 2121 1729 pudendis

248 1746 441 1811 luxus
486 1752 946 1831 arguerentur,
1009 1747 1151 1833 ipse
1202 1747 1396 1812 etiam
1443 1746 1732 1812 viderem
1779 1768 1853 1811 ac
1898 1748 2077 1812 velut

252 1849 739 1935 deprenderem.
829 1849 1004 1935 quod
1050 1851 1105 1915 si
1152 1872 1405 1916 mecum
1449 1858 1598 1915 ante
1645 1851 1766 1915 viri
1811 1853 2075 1935 strenui,

248 1955 514 2038 aediles,
563 1956 900 2020 consilium
944 1955 1342 2031 habuissent,
1389 1957 1606 2020 nescio
1654 1978 1737 2020 an
1773 1979 2074 2025 suasurus

246 2058 479 2124 fuerim
526 2062 828 2125 omittere
874 2060 1092 2144 potius
1137 2058 1516 2144 praevalida
1560 2065 1628 2123 et
1664 2059 1884 2126 adulta
1920 2061 2076 2124 vitia

248 2184 438 2247 quam
484 2164 611 2228 hoc
656 2164 944 2247 adsequi,
991 2170 1063 2227 ut
1094 2164 1309 2248 palam
1343 2164 1530 2229 fieret
1559 2163 1788 2249 quibus
1817 2164 2075 2247 flagitiis
2097 2192 2150 2230 10

247 2267 526 2349 impares
573 2287 882 2332 essemus.
972 2267 1090 2331 sed
1147 2268 1242 2332 illi
1288 2269 1548 2354 quidem
1599 2270 1807 2335 officio
1854 2269 2073 2352 functi,

247 2376 320 2433 ut
362 2370 779 2453 magistratus
827 2372 1045 2436 munia
1088 2372 1362 2457 implere
1398 2373 1626 2437 velim:
1671 2373 1830 2437 mihi
1859 2379 2076 2437 autem

247 2494 459 2559 neque
491 2474 838 2540 honestum
869 2476 1059 2542 silere
1091 2498 1303 2561 neque
1346 2477 1645 2562 proloqui
1676 2477 2074 2563 expeditum,

249 2578 398 2663 quia
440 2600 574 2644 non
618 2578 844 2644 aedilis
881 2586 1003 2644 'aut
1047 2581 1366 2666 praetoris
1411 2588 1522 2645 aut
1567 2583 1852 2647 consulis·
1873 2584 2073 2667 partis

248 2684 554 2749 sustineo·
642 2684 850 2750 maius
905 2683 1152 2770 aliquid
1212 2691 1278 2749 et
1325 2685 1644 2750 excelsius
1701 2707 1740 2749 a
1782 2687 2070 2772 principe
2095 2710 2147 2749 15

247 2790 641 2874 postulatur:
709 2796 774 2855 et
834 2812 979 2855 cum
1034 2797 1213 2855 recte
1273 2790 1592 2854 factorum
1635 2790 1757 2855 sibi
1801 2793 2072 2875 quisque
2137 2836 2152 2851 .

246 2894 519 2977 gratiam
562 2893 851 2977 trahant,
908 2894 1097 2959 unius
1155 2894 1398 2959 invidia
1455 2895 1536 2959 ab
1584 2895 1878 2960 omnibus
1924 2916 2074 2980 pec-

248 3004 447 3063 catur.
537 2997 693 3083 quid
740 2999 911 3062 enim
954 2998 1233 3083 primum
1292 2998 1636 3082 prohibere
1683 3005 1749 3063 et
1793 2999 2074 3084 priscum

248 3102 331 3165 ad
392 3121 643 3166 morem
708 3102 1003 3166 recidere
1066 3100 1454 3183 adgrediar?
1529 3101 1908 3166 villarumne
1974 3103 2072 3166 in-

248 3206 425 3271 finita
470 3207 724 3291 spatia?
791 3206 1179 3270 familiarum
1233 3227 1577 3271 numerum
1624 3211 1688 3269 et
1731 3206 2072 3269 nationes?
2093 3228 2144 3267 20

250 3309 499 3392 argenti
532 3315 597 3374 et
632 3310 771 3373 auri
806 3309 1107 3394 pondus?
1160 3310 1330 3375 aeris
1360 3309 1846 3393 tabularumque
1878 3308 2070 3373 mira-

251 3414 441 3479 cula?
521 3416 873 3499 promiscas
943 3414 1095 3479 viris
1160 3422 1223 3480 et
1284 3414 1539 3480 feminis
1600 3417 1815 3477 vestes
1876 3420 2070 3498 atque
