<?xml version="1.0" encoding="UTF-8"?>
<!DOCTYPE html PUBLIC "-//W3C//DTD XHTML 1.0 Transitional//EN"
    "http://www.w3.org/TR/xhtml1/DTD/xhtml1-transitional.dtd">
<html xmlns="http://www.w3.org/1999/xhtml" xml:lang="en" lang="en">
 <head>
  <title>
</title>
<meta http-equiv="Content-Type" content="text/html;charset=utf-8" />
  <meta name='ocr-system' content='tesseract 3.04.00' />
  <meta name='ocr-capabilities' content='ocr_page ocr_carea ocr_par ocr_line ocrx_word'/>
</head>
<body>
  <div class='ocr_page' id='page_1' title='image "./corneliitacitia00gitlgoog_0077.png"; bbox 0 0 2467 3900; ppageno 0'>
   <div class='ocr_carea' id='block_1_1' title="bbox 701 157 2129 213">
    <p class='ocr_par' dir='ltr' id='par_1_1' title="bbox 701 157 2129 213">
     <span class='ocr_line' id='line_1_1' title="bbox 701 157 2129 213; baseline 0.002 -14"><span class='ocrx_word' id='word_1_1' title='bbox 701 161 775 199; x_wconf 79' lang='lat' dir='ltr'>AB</span> <span class='ocrx_word' id='word_1_2' title='bbox 803 161 1054 202; x_wconf 81' lang='lat' dir='ltr'>EXOESSU</span> <span class='ocrx_word' id='word_1_3' title='bbox 1081 162 1211 202; x_wconf 84' lang='lat' dir='ltr'><strong>DIVI</strong></span> <span class='ocrx_word' id='word_1_4' title='bbox 1238 162 1492 202; x_wconf 78' lang='lat' dir='ltr'>AUGUSTI</span> <span class='ocrx_word' id='word_1_5' title='bbox 1517 163 1565 201; x_wconf 94' lang='lat'>11</span> <span class='ocrx_word' id='word_1_6' title='bbox 1592 163 1761 202; x_wconf 79' lang='lat'>11-14.</span> <span class='ocrx_word' id='word_1_7' title='bbox 2056 157 2129 213; x_wconf 88' lang='grc'>65</span> 
     </span>
    </p>
   </div>
   <div class='ocr_carea' id='block_1_2' title="bbox 290 315 2217 3432">
    <p class='ocr_par' dir='ltr' id='par_1_2' title="bbox 301 315 2175 718">
     <span class='ocr_line' id='line_1_2' title="bbox 303 315 2133 405; baseline 0.003 -26"><span class='ocrx_word' id='word_1_8' title='bbox 303 315 778 398; x_wconf 75' lang='lat' dir='ltr'>adulationem,</span> <span class='ocrx_word' id='word_1_9' title='bbox 828 317 881 380; x_wconf 88' lang='lat' dir='ltr'>si</span> <span class='ocrx_word' id='word_1_10' title='bbox 928 320 1144 382; x_wconf 89' lang='lat' dir='ltr'>contio</span> <span class='ocrx_word' id='word_1_11' title='bbox 1179 323 1465 401; x_wconf 88' lang='lat' dir='ltr'>vocetur,</span> <span class='ocrx_word' id='word_1_12' title='bbox 1514 319 1644 384; x_wconf 89' lang='lat' dir='ltr'>illic</span> <span class='ocrx_word' id='word_1_13' title='bbox 1677 340 1935 404; x_wconf 88' lang='lat' dir='ltr'>quoque</span> <span class='ocrx_word' id='word_1_14' title='bbox 1960 341 2133 405; x_wconf 85' lang='lat' dir='ltr'>quae</span> 
     </span>
     <span class='ocr_line' id='line_1_3' title="bbox 301 421 2133 509; baseline 0.002 -25"><span class='ocrx_word' id='word_1_15' title='bbox 301 421 496 506; x_wconf 89' lang='lat' dir='ltr'>pauci</span> <span class='ocrx_word' id='word_1_16' title='bbox 538 421 865 507; x_wconf 76' lang='lat' dir='ltr'>incipiant.</span> <span class='ocrx_word' id='word_1_17' title='bbox 890 425 1176 506; x_wconf 91' lang='lat' dir='ltr'>reliquos</span> <span class='ocrx_word' id='word_1_18' title='bbox 1209 424 1605 509; x_wconf 83' lang='lat' dir='ltr'>adstrepere.</span> <span class='ocrx_word' id='word_1_19' title='bbox 1680 425 1937 509; x_wconf 89' lang='lat' dir='ltr'>penitus</span> <span class='ocrx_word' id='word_1_20' title='bbox 1983 447 2133 490; x_wconf 92' lang='lat' dir='ltr'>nos-</span> 
     </span>
     <span class='ocr_line' id='line_1_4' title="bbox 305 524 2175 611; baseline 0.002 -24"><span class='ocrx_word' id='word_1_21' title='bbox 305 524 546 589; x_wconf 89' lang='lat' dir='ltr'>cendas</span> <span class='ocrx_word' id='word_1_22' title='bbox 608 532 890 611; x_wconf 69' lang='lat' dir='ltr'>mentes,</span> <span class='ocrx_word' id='word_1_23' title='bbox 948 531 1094 592; x_wconf 86' lang='lat' dir='ltr'>cum</span> <span class='ocrx_word' id='word_1_24' title='bbox 1156 531 1391 603; x_wconf 77' lang='lat' dir='ltr'>secreti</span> <span class='ocrx_word' id='word_1_25' title='bbox 1437 535 1502 594; x_wconf 92' lang='lat' dir='ltr'>et</span> <span class='ocrx_word' id='word_1_26' title='bbox 1547 530 1921 594; x_wconf 78' lang='lat' dir='ltr'>incustoditi</span> <span class='ocrx_word' id='word_1_27' title='bbox 1964 530 2175 595; x_wconf 90' lang='lat' dir='ltr'>inter1</span> 
     </span>
     <span class='ocr_line' id='line_1_5' title="bbox 303 629 1923 718; baseline 0.002 -26"><span class='ocrx_word' id='word_1_28' title='bbox 303 629 600 694; x_wconf 86' lang='lat' dir='ltr'>militaris</span> <span class='ocrx_word' id='word_1_29' title='bbox 647 631 824 696; x_wconf 90' lang='lat' dir='ltr'>cibos</span> <span class='ocrx_word' id='word_1_30' title='bbox 872 654 1054 717; x_wconf 89' lang='lat' dir='ltr'>spem</span> <span class='ocrx_word' id='word_1_31' title='bbox 1102 639 1212 696; x_wconf 91' lang='lat' dir='ltr'>aut</span> <span class='ocrx_word' id='word_1_32' title='bbox 1261 641 1501 698; x_wconf 90' lang='lat' dir='ltr'>metum</span> <span class='ocrx_word' id='word_1_33' title='bbox 1543 634 1923 718; x_wconf 90' lang='lat' dir='ltr'>proferrent.</span> 
     </span>
    </p>

    <p class='ocr_par' dir='ltr' id='par_1_3' title="bbox 290 733 2217 2791">
     <span class='ocr_line' id='line_1_6' title="bbox 445 733 2132 822; baseline 0.004 -27"><span class='ocrx_word' id='word_1_34' title='bbox 445 735 542 797; x_wconf 87' lang='lat'>13.</span> <span class='ocrx_word' id='word_1_35' title='bbox 611 733 822 799; x_wconf 90' lang='lat' dir='ltr'>Nocte</span> <span class='ocrx_word' id='word_1_36' title='bbox 887 741 1120 820; x_wconf 89' lang='lat' dir='ltr'>coepta</span> <span class='ocrx_word' id='word_1_37' title='bbox 1183 755 1479 822; x_wconf 85' lang='lat' dir='ltr'>egressus</span> <span class='ocrx_word' id='word_1_38' title='bbox 1524 738 1817 820; x_wconf 85' lang='lat' dir='ltr'>augurali</span> <span class='ocrx_word' id='word_1_39' title='bbox 1862 758 1979 822; x_wconf 90' lang='lat' dir='ltr'>per</span> <span class='ocrx_word' id='word_1_40' title='bbox 2026 758 2132 801; x_wconf 89' lang='lat' dir='ltr'>oc-</span> 
     </span>
     <span class='ocr_line' id='line_1_7' title="bbox 307 839 2134 924; baseline 0.001 -21"><span class='ocrx_word' id='word_1_41' title='bbox 307 839 481 903; x_wconf 90' lang='lat' dir='ltr'>culta</span> <span class='ocrx_word' id='word_1_42' title='bbox 537 844 604 903; x_wconf 88' lang='lat' dir='ltr'>et</span> <span class='ocrx_word' id='word_1_43' title='bbox 662 840 962 924; x_wconf 85' lang='lat' dir='ltr'>vigilibus</span> <span class='ocrx_word' id='word_1_44' title='bbox 1007 842 1251 924; x_wconf 85' lang='lat' dir='ltr'>ignara,</span> <span class='ocrx_word' id='word_1_45' title='bbox 1298 843 1532 906; x_wconf 86' lang='lat' dir='ltr'>comite</span> <span class='ocrx_word' id='word_1_46' title='bbox 1578 863 1741 924; x_wconf 90' lang='lat' dir='ltr'>uno,</span> <span class='ocrx_word' id='word_1_47' title='bbox 1802 848 2134 907; x_wconf 88' lang='lat' dir='ltr'>contectus</span> 
     </span>
     <span class='ocr_line' id='line_1_8' title="bbox 304 945 2135 1030; baseline 0.001 -22"><span class='ocrx_word' id='word_1_48' title='bbox 304 964 566 1008; x_wconf 89' lang='lat' dir='ltr'>umeros</span> <span class='ocrx_word' id='word_1_49' title='bbox 611 945 817 1009; x_wconf 89' lang='lat' dir='ltr'>ferina</span> <span class='ocrx_word' id='word_1_50' title='bbox 863 947 1053 1030; x_wconf 90' lang='lat' dir='ltr'>pelle,</span> <span class='ocrx_word' id='word_1_51' title='bbox 1101 947 1237 1011; x_wconf 88' lang='lat' dir='ltr'>adit</span> <span class='ocrx_word' id='word_1_52' title='bbox 1283 952 1637 1010; x_wconf 90' lang='lat' dir='ltr'>castrorum</span> <span class='ocrx_word' id='word_1_53' title='bbox 1683 946 1835 1028; x_wconf 78' lang='lat' dir='ltr'>viaS,</span> <span class='ocrx_word' id='word_1_54' title='bbox 1882 945 2135 1010; x_wconf 80' lang='lat' dir='ltr'>adsistit</span> 
     </span>
     <span class='ocr_line' id='line_1_9' title="bbox 290 1049 2132 1136; baseline -0.002 -22"><span class='ocrx_word' id='word_1_55' title='bbox 290 1049 732 1114; x_wconf 67' lang='lat' dir='ltr'>‘tabernaculis</span> <span class='ocrx_word' id='word_1_56' title='bbox 778 1051 1134 1136; x_wconf 85' lang='lat' dir='ltr'>fruiturque</span> <span class='ocrx_word' id='word_1_57' title='bbox 1181 1052 1353 1115; x_wconf 86' lang='lat' dir='ltr'>fama</span> <span class='ocrx_word' id='word_1_58' title='bbox 1398 1051 1515 1132; x_wconf 90' lang='lat' dir='ltr'>sui,</span> <span class='ocrx_word' id='word_1_59' title='bbox 1564 1072 1708 1114; x_wconf 91' lang='lat' dir='ltr'>cum</span> <span class='ocrx_word' id='word_1_60' title='bbox 1752 1051 1856 1116; x_wconf 91' lang='lat' dir='ltr'>hic</span> <span class='ocrx_word' id='word_1_61' title='bbox 1901 1049 2132 1113; x_wconf 90' lang='lat' dir='ltr'>nobili-</span> 
     </span>
     <span class='ocr_line' id='line_1_10' title="bbox 304 1153 2175 1238; baseline -0.001 -22"><span class='ocrx_word' id='word_1_62' title='bbox 304 1159 509 1217; x_wconf 88' lang='lat' dir='ltr'>tatem</span> <span class='ocrx_word' id='word_1_63' title='bbox 555 1153 767 1236; x_wconf 78' lang='lat' dir='ltr'>duciS,</span> <span class='ocrx_word' id='word_1_64' title='bbox 834 1154 1138 1218; x_wconf 88' lang='lat' dir='ltr'>decorem</span> <span class='ocrx_word' id='word_1_65' title='bbox 1187 1155 1383 1236; x_wconf 87' lang='lat' dir='ltr'>alius,</span> <span class='ocrx_word' id='word_1_66' title='bbox 1428 1155 1690 1238; x_wconf 89' lang='lat' dir='ltr'>plurimi</span> <span class='ocrx_word' id='word_1_67' title='bbox 1734 1153 2175 1238; x_wconf 82' lang='lat' dir='ltr'>patientiam,5</span> 
     </span>
     <span class='ocr_line' id='line_1_11' title="bbox 307 1256 2132 1344; baseline -0.002 -22"><span class='ocrx_word' id='word_1_68' title='bbox 307 1260 711 1341; x_wconf 88' lang='lat' dir='ltr'>comitatem,</span> <span class='ocrx_word' id='word_1_69' title='bbox 759 1280 877 1344; x_wconf 90' lang='lat' dir='ltr'>per</span> <span class='ocrx_word' id='word_1_70' title='bbox 923 1259 1088 1323; x_wconf 90' lang='lat' dir='ltr'>seria</span> <span class='ocrx_word' id='word_1_71' title='bbox 1133 1281 1251 1344; x_wconf 94' lang='lat' dir='ltr'>per</span> <span class='ocrx_word' id='word_1_72' title='bbox 1294 1259 1475 1324; x_wconf 89' lang='lat' dir='ltr'>iocos</span> <span class='ocrx_word' id='word_1_73' title='bbox 1525 1258 1802 1323; x_wconf 89' lang='lat' dir='ltr'>eundem</span> <span class='ocrx_word' id='word_1_74' title='bbox 1848 1256 2132 1320; x_wconf 84' lang='lat' dir='ltr'>animum</span> 
     </span>
     <span class='ocr_line' id='line_1_12' title="bbox 303 1360 2133 1448; baseline -0.001 -23"><span class='ocrx_word' id='word_1_75' title='bbox 303 1362 605 1426; x_wconf 85' lang='lat' dir='ltr'>laudibus</span> <span class='ocrx_word' id='word_1_76' title='bbox 663 1363 906 1427; x_wconf 88' lang='lat' dir='ltr'>ferrent</span> <span class='ocrx_word' id='word_1_77' title='bbox 965 1362 1493 1448; x_wconf 86' lang='lat' dir='ltr'>reddendamque</span> <span class='ocrx_word' id='word_1_78' title='bbox 1558 1362 1831 1445; x_wconf 79' lang='lat' dir='ltr'>gratiam</span> <span class='ocrx_word' id='word_1_79' title='bbox 1882 1361 1950 1424; x_wconf 93' lang='lat' dir='ltr'>in</span> <span class='ocrx_word' id='word_1_80' title='bbox 1996 1360 2133 1424; x_wconf 87' lang='lat' dir='ltr'>acie</span> 
     </span>
     <span class='ocr_line' id='line_1_13' title="bbox 303 1465 2134 1553; baseline -0.002 -23"><span class='ocrx_word' id='word_1_81' title='bbox 303 1466 678 1548; x_wconf 89' lang='lat' dir='ltr'>faterentur,</span> <span class='ocrx_word' id='word_1_82' title='bbox 725 1467 912 1532; x_wconf 90' lang='lat' dir='ltr'>simul</span> <span class='ocrx_word' id='word_1_83' title='bbox 959 1467 1241 1552; x_wconf 85' lang='lat' dir='ltr'>perfidos</span> <span class='ocrx_word' id='word_1_84' title='bbox 1274 1474 1339 1532; x_wconf 93' lang='lat' dir='ltr'>et</span> <span class='ocrx_word' id='word_1_85' title='bbox 1369 1472 1667 1553; x_wconf 90' lang='lat' dir='ltr'>ruptores</span> <span class='ocrx_word' id='word_1_86' title='bbox 1698 1466 1873 1550; x_wconf 88' lang='lat' dir='ltr'>pacis</span> <span class='ocrx_word' id='word_1_87' title='bbox 1904 1465 2134 1529; x_wconf 89' lang='lat' dir='ltr'>ultioni</span> 
     </span>
     <span class='ocr_line' id='line_1_14' title="bbox 308 1569 2132 1656; baseline -0.001 -24"><span class='ocrx_word' id='word_1_88' title='bbox 308 1576 377 1632; x_wconf 90' lang='lat' dir='ltr'>et</span> <span class='ocrx_word' id='word_1_89' title='bbox 421 1571 669 1653; x_wconf 87' lang='lat' dir='ltr'>gloriae</span> <span class='ocrx_word' id='word_1_90' title='bbox 717 1572 1114 1636; x_wconf 61' lang='lat' dir='ltr'>mactandos</span> <span class='ocrx_word' id='word_1_91' title='bbox 1188 1573 1360 1637; x_wconf 85' lang='lat' dir='ltr'>inter·</span> <span class='ocrx_word' id='word_1_92' title='bbox 1403 1593 1569 1656; x_wconf 86' lang='lat' dir='ltr'>quae</span> <span class='ocrx_word' id='word_1_93' title='bbox 1616 1592 1781 1634; x_wconf 91' lang='lat' dir='ltr'>unus</span> <span class='ocrx_word' id='word_1_94' title='bbox 1826 1569 2132 1650; x_wconf 89' lang='lat' dir='ltr'>hostium,</span> 
     </span>
     <span class='ocr_line' id='line_1_15' title="bbox 304 1672 2205 1760; baseline -0.002 -24"><span class='ocrx_word' id='word_1_95' title='bbox 304 1672 576 1740; x_wconf 89' lang='lat' dir='ltr'>Latinae</span> <span class='ocrx_word' id='word_1_96' title='bbox 621 1675 881 1760; x_wconf 85' lang='lat' dir='ltr'>linguae</span> <span class='ocrx_word' id='word_1_97' title='bbox 929 1677 1158 1760; x_wconf 77' lang='lat' dir='ltr'>scienS,</span> <span class='ocrx_word' id='word_1_98' title='bbox 1205 1682 1350 1740; x_wconf 87' lang='lat' dir='ltr'>acto</span> <span class='ocrx_word' id='word_1_99' title='bbox 1384 1676 1466 1740; x_wconf 85' lang='lat' dir='ltr'>ad</span> <span class='ocrx_word' id='word_1_100' title='bbox 1496 1675 1736 1740; x_wconf 80' lang='lat' dir='ltr'>vallum</span> <span class='ocrx_word' id='word_1_101' title='bbox 1769 1673 1935 1758; x_wconf 85' lang='lat' dir='ltr'>equo</span> <span class='ocrx_word' id='word_1_102' title='bbox 1969 1692 2131 1738; x_wconf 85' lang='lat' dir='ltr'>voce</span> <span class='ocrx_word' id='word_1_103' title='bbox 2152 1694 2205 1732; x_wconf 92' lang='lat'>10</span> 
     </span>
     <span class='ocr_line' id='line_1_16' title="bbox 305 1776 2133 1864; baseline -0.002 -24"><span class='ocrx_word' id='word_1_104' title='bbox 305 1799 544 1861; x_wconf 87' lang='lat' dir='ltr'>magna</span> <span class='ocrx_word' id='word_1_105' title='bbox 606 1780 911 1864; x_wconf 84' lang='lat' dir='ltr'>coniuges</span> <span class='ocrx_word' id='word_1_106' title='bbox 974 1786 1040 1845; x_wconf 89' lang='lat' dir='ltr'>et</span> <span class='ocrx_word' id='word_1_107' title='bbox 1097 1801 1288 1864; x_wconf 86' lang='lat' dir='ltr'>agros</span> <span class='ocrx_word' id='word_1_108' title='bbox 1353 1787 1418 1845; x_wconf 88' lang='lat' dir='ltr'>et</span> <span class='ocrx_word' id='word_1_109' title='bbox 1478 1779 1780 1864; x_wconf 87' lang='lat' dir='ltr'>stipendii</span> <span class='ocrx_word' id='word_1_110' title='bbox 1842 1779 1910 1841; x_wconf 93' lang='lat' dir='ltr'>in</span> <span class='ocrx_word' id='word_1_111' title='bbox 1976 1776 2133 1858; x_wconf 88' lang='lat' dir='ltr'>dies,</span> 
     </span>
     <span class='ocr_line' id='line_1_17' title="bbox 311 1882 2134 1969; baseline -0.002 -24"><span class='ocrx_word' id='word_1_112' title='bbox 311 1882 520 1950; x_wconf 91' lang='lat' dir='ltr'>donec</span> <span class='ocrx_word' id='word_1_113' title='bbox 551 1884 918 1969; x_wconf 84' lang='lat' dir='ltr'>bellaretur,</span> <span class='ocrx_word' id='word_1_114' title='bbox 952 1887 1285 1953; x_wconf 88' lang='lat' dir='ltr'>sestertios</span> <span class='ocrx_word' id='word_1_115' title='bbox 1319 1890 1645 1968; x_wconf 89' lang='lat' dir='ltr'>centenos,</span> <span class='ocrx_word' id='word_1_116' title='bbox 1679 1883 1733 1946; x_wconf 90' lang='lat' dir='ltr'>si</span> <span class='ocrx_word' id='word_1_117' title='bbox 1764 1882 1903 1967; x_wconf 87' lang='lat' dir='ltr'>quis</span> <span class='ocrx_word' id='word_1_118' title='bbox 1926 1886 2134 1944; x_wconf 86' lang='lat' dir='ltr'>trans-</span> 
     </span>
     <span class='ocr_line' id='line_1_18' title="bbox 305 1990 2139 2079; baseline 0.002 -26"><span class='ocrx_word' id='word_1_119' title='bbox 305 1990 598 2075; x_wconf 84' lang='lat' dir='ltr'>fugisset,</span> <span class='ocrx_word' id='word_1_120' title='bbox 643 1990 922 2057; x_wconf 90' lang='lat' dir='ltr'>Arminii</span> <span class='ocrx_word' id='word_1_121' title='bbox 967 1993 1228 2059; x_wconf 90' lang='lat' dir='ltr'>nomine</span> <span class='ocrx_word' id='word_1_122' title='bbox 1275 1994 1637 2079; x_wconf 90' lang='lat' dir='ltr'>pollicetur.</span> <span class='ocrx_word' id='word_1_123' title='bbox 1726 1992 2013 2056; x_wconf 89' lang='lat' dir='ltr'>incendit</span> <span class='ocrx_word' id='word_1_124' title='bbox 2062 2013 2139 2056; x_wconf 90' lang='lat' dir='ltr'>ea</span> 
     </span>
     <span class='ocr_line' id='line_1_19' title="bbox 312 2096 2141 2179; baseline 0.001 -21"><span class='ocrx_word' id='word_1_125' title='bbox 312 2096 704 2160; x_wconf 89' lang='lat' dir='ltr'>contumelia</span> <span class='ocrx_word' id='word_1_126' title='bbox 748 2098 1084 2179; x_wconf 86' lang='lat' dir='ltr'>legionum</span> <span class='ocrx_word' id='word_1_127' title='bbox 1128 2100 1289 2163; x_wconf 87' lang='lat' dir='ltr'>iras:</span> <span class='ocrx_word' id='word_1_128' title='bbox 1355 2098 1609 2163; x_wconf 88' lang='lat' dir='ltr'>veniret</span> <span class='ocrx_word' id='word_1_129' title='bbox 1655 2098 1829 2178; x_wconf 88' lang='lat' dir='ltr'>dies,</span> <span class='ocrx_word' id='word_1_130' title='bbox 1878 2098 2141 2161; x_wconf 89' lang='lat' dir='ltr'>daretur</span> 
     </span>
     <span class='ocr_line' id='line_1_20' title="bbox 309 2202 2215 2287; baseline -0.001 -25"><span class='ocrx_word' id='word_1_131' title='bbox 309 2220 564 2285; x_wconf 81' lang='lat' dir='ltr'>pugna3</span> <span class='ocrx_word' id='word_1_132' title='bbox 625 2207 1027 2287; x_wconf 87' lang='lat' dir='ltr'>sumpturum</span> <span class='ocrx_word' id='word_1_133' title='bbox 1091 2203 1364 2268; x_wconf 88' lang='lat' dir='ltr'>militem</span> <span class='ocrx_word' id='word_1_134' title='bbox 1412 2202 1881 2267; x_wconf 81' lang='lat' dir='ltr'>Germanorum</span> <span class='ocrx_word' id='word_1_135' title='bbox 1932 2222 2141 2284; x_wconf 85' lang='lat' dir='ltr'>agros,</span> <span class='ocrx_word' id='word_1_136' title='bbox 2165 2223 2215 2261; x_wconf 85' lang='lat'>15</span> 
     </span>
     <span class='ocr_line' id='line_1_21' title="bbox 309 2306 2145 2393; baseline 0.001 -26"><span class='ocrx_word' id='word_1_137' title='bbox 309 2310 663 2369; x_wconf 89' lang='lat' dir='ltr'>tracturum</span> <span class='ocrx_word' id='word_1_138' title='bbox 697 2306 1039 2390; x_wconf 82' lang='lat' dir='ltr'>coniuges3</span> <span class='ocrx_word' id='word_1_139' title='bbox 1083 2308 1377 2393; x_wconf 88' lang='lat' dir='ltr'>accipere</span> <span class='ocrx_word' id='word_1_140' title='bbox 1414 2328 1605 2373; x_wconf 93' lang='lat' dir='ltr'>omen</span> <span class='ocrx_word' id='word_1_141' title='bbox 1638 2313 1702 2373; x_wconf 92' lang='lat' dir='ltr'>et</span> <span class='ocrx_word' id='word_1_142' title='bbox 1736 2307 2145 2372; x_wconf 88' lang='lat' dir='ltr'>matrimonia</span> 
     </span>
     <span class='ocr_line' id='line_1_22' title="bbox 309 2410 2148 2496; baseline 0.001 -23"><span class='ocrx_word' id='word_1_143' title='bbox 309 2430 384 2474; x_wconf 89' lang='lat' dir='ltr'>ac</span> <span class='ocrx_word' id='word_1_144' title='bbox 443 2411 748 2493; x_wconf 87' lang='lat' dir='ltr'>pecunias</span> <span class='ocrx_word' id='word_1_145' title='bbox 807 2412 1098 2475; x_wconf 88' lang='lat' dir='ltr'>hostium</span> <span class='ocrx_word' id='word_1_146' title='bbox 1156 2410 1439 2496; x_wconf 87' lang='lat' dir='ltr'>praedae</span> <span class='ocrx_word' id='word_1_147' title='bbox 1506 2411 1849 2476; x_wconf 86' lang='lat' dir='ltr'>destinare.</span> <span class='ocrx_word' id='word_1_148' title='bbox 1953 2412 2148 2476; x_wconf 88' lang='lat' dir='ltr'>tertia</span> 
     </span>
     <span class='ocr_line' id='line_1_23' title="bbox 307 2512 2146 2598; baseline 0.002 -23"><span class='ocrx_word' id='word_1_149' title='bbox 307 2512 508 2576; x_wconf 91' lang='lat' dir='ltr'>ferme</span> <span class='ocrx_word' id='word_1_150' title='bbox 558 2514 779 2598; x_wconf 86' lang='lat' dir='ltr'>vigilia</span> <span class='ocrx_word' id='word_1_151' title='bbox 828 2514 1223 2579; x_wconf 88' lang='lat' dir='ltr'>adsultatum</span> <span class='ocrx_word' id='word_1_152' title='bbox 1272 2521 1373 2579; x_wconf 89' lang='lat' dir='ltr'>est</span> <span class='ocrx_word' id='word_1_153' title='bbox 1419 2515 1643 2580; x_wconf 89' lang='lat' dir='ltr'>castris</span> <span class='ocrx_word' id='word_1_154' title='bbox 1677 2515 1813 2581; x_wconf 89' lang='lat' dir='ltr'>sine</span> <span class='ocrx_word' id='word_1_155' title='bbox 1849 2515 2146 2581; x_wconf 89' lang='lat' dir='ltr'>coniectu</span> 
     </span>
     <span class='ocr_line' id='line_1_24' title="bbox 309 2616 2145 2705; baseline 0.002 -26"><span class='ocrx_word' id='word_1_156' title='bbox 309 2616 455 2700; x_wconf 92' lang='lat' dir='ltr'>teli,</span> <span class='ocrx_word' id='word_1_157' title='bbox 515 2626 859 2704; x_wconf 88' lang='lat' dir='ltr'>postquam</span> <span class='ocrx_word' id='word_1_158' title='bbox 911 2619 1166 2683; x_wconf 90' lang='lat' dir='ltr'>crebras</span> <span class='ocrx_word' id='word_1_159' title='bbox 1212 2618 1798 2705; x_wconf 62' lang='lat' dir='ltr'>pro&#39;munimentis</span> <span class='ocrx_word' id='word_1_160' title='bbox 1847 2620 2145 2685; x_wconf 89' lang='lat' dir='ltr'>cohortes</span> 
     </span>
     <span class='ocr_line' id='line_1_25' title="bbox 309 2720 2217 2791; baseline 0.004 -8"><span class='ocrx_word' id='word_1_161' title='bbox 309 2725 374 2783; x_wconf 92' lang='lat' dir='ltr'>et</span> <span class='ocrx_word' id='word_1_162' title='bbox 418 2720 582 2784; x_wconf 91' lang='lat' dir='ltr'>nihil</span> <span class='ocrx_word' id='word_1_163' title='bbox 625 2722 970 2787; x_wconf 88' lang='lat' dir='ltr'>remissum</span> <span class='ocrx_word' id='word_1_164' title='bbox 1017 2744 1300 2788; x_wconf 91' lang='lat' dir='ltr'>sensere.</span> <span class='ocrx_word' id='word_1_165' title='bbox 2164 2752 2217 2791; x_wconf 76' lang='lat'>20</span> 
     </span>
    </p>

    <p class='ocr_par' dir='ltr' id='par_1_4' title="bbox 307 2825 2189 3432">
     <span class='ocr_line' id='line_1_26' title="bbox 445 2825 2146 2911; baseline 0.001 -23"><span class='ocrx_word' id='word_1_166' title='bbox 445 2827 544 2889; x_wconf 87' lang='lat'>14.</span> <span class='ocrx_word' id='word_1_167' title='bbox 609 2826 763 2889; x_wconf 82' lang='lat' dir='ltr'>Nox</span> <span class='ocrx_word' id='word_1_168' title='bbox 825 2827 1057 2891; x_wconf 85' lang='lat' dir='ltr'>eadem</span> <span class='ocrx_word' id='word_1_169' title='bbox 1120 2827 1359 2891; x_wconf 87' lang='lat' dir='ltr'>laetam</span> <span class='ocrx_word' id='word_1_170' title='bbox 1406 2825 1796 2891; x_wconf 76' lang='lat' dir='ltr'>Germanico</span> <span class='ocrx_word' id='word_1_171' title='bbox 1860 2827 2146 2911; x_wconf 87' lang='lat' dir='ltr'>quietem</span> 
     </span>
     <span class='ocr_line' id='line_1_27' title="bbox 307 2928 2143 3015; baseline 0.001 -23"><span class='ocrx_word' id='word_1_172' title='bbox 307 2930 456 2993; x_wconf 92' lang='lat' dir='ltr'>tulit</span> <span class='ocrx_word' id='word_1_173' title='bbox 511 2930 802 3015; x_wconf 82' lang='lat' dir='ltr'>viditque</span> <span class='ocrx_word' id='word_1_174' title='bbox 849 2953 916 2995; x_wconf 90' lang='lat' dir='ltr'>se</span> <span class='ocrx_word' id='word_1_175' title='bbox 969 2937 1307 3015; x_wconf 89' lang='lat' dir='ltr'>operatum</span> <span class='ocrx_word' id='word_1_176' title='bbox 1356 2935 1419 2994; x_wconf 94' lang='lat' dir='ltr'>et</span> <span class='ocrx_word' id='word_1_177' title='bbox 1467 2930 1782 3013; x_wconf 86' lang='lat' dir='ltr'>sanguine</span> <span class='ocrx_word' id='word_1_178' title='bbox 1830 2928 1995 2993; x_wconf 85' lang='lat' dir='ltr'>sacri</span> <span class='ocrx_word' id='word_1_179' title='bbox 2040 2950 2143 2993; x_wconf 90' lang='lat' dir='ltr'>re-</span> 
     </span>
     <span class='ocr_line' id='line_1_28' title="bbox 307 3029 2148 3119; baseline 0.001 -22"><span class='ocrx_word' id='word_1_180' title='bbox 307 3054 531 3119; x_wconf 89' lang='lat' dir='ltr'>spersa</span> <span class='ocrx_word' id='word_1_181' title='bbox 569 3041 910 3119; x_wconf 81' lang='lat' dir='ltr'>praetexta</span> <span class='ocrx_word' id='word_1_182' title='bbox 939 3029 1380 3119; x_wconf 83' lang='lat' dir='ltr'>pulchriorem</span> <span class='ocrx_word' id='word_1_183' title='bbox 1412 3034 1603 3099; x_wconf 89' lang='lat' dir='ltr'>aliam</span> <span class='ocrx_word' id='word_1_184' title='bbox 1639 3035 1932 3099; x_wconf 90' lang='lat' dir='ltr'>manibus</span> <span class='ocrx_word' id='word_1_185' title='bbox 1964 3034 2148 3099; x_wconf 87' lang='lat' dir='ltr'>aviae</span> 
     </span>
     <span class='ocr_line' id='line_1_29' title="bbox 307 3136 2147 3224; baseline 0.001 -24"><span class='ocrx_word' id='word_1_186' title='bbox 307 3136 646 3221; x_wconf 84' lang='lat' dir='ltr'>Augustae</span> <span class='ocrx_word' id='word_1_187' title='bbox 697 3140 1048 3224; x_wconf 84' lang='lat' dir='ltr'>accepisse.</span> <span class='ocrx_word' id='word_1_188' title='bbox 1139 3146 1365 3203; x_wconf 89' lang='lat' dir='ltr'>auctus</span> <span class='ocrx_word' id='word_1_189' title='bbox 1414 3138 1650 3222; x_wconf 89' lang='lat' dir='ltr'>omine,</span> <span class='ocrx_word' id='word_1_190' title='bbox 1700 3137 2147 3203; x_wconf 88' lang='lat' dir='ltr'>addicentibus</span> 
     </span>
     <span class='ocr_line' id='line_1_30' title="bbox 309 3242 2189 3326; baseline 0.003 -23"><span class='ocrx_word' id='word_1_191' title='bbox 309 3242 628 3326; x_wconf 87' lang='lat' dir='ltr'>auspiciis,</span> <span class='ocrx_word' id='word_1_192' title='bbox 674 3248 866 3307; x_wconf 87' lang='lat' dir='ltr'>vocat</span> <span class='ocrx_word' id='word_1_193' title='bbox 911 3242 1283 3313; x_wconf 79' lang='lat' dir='ltr'>contionem</span> <span class='ocrx_word' id='word_1_194' title='bbox 1330 3248 1396 3306; x_wconf 89' lang='lat' dir='ltr'>et</span> <span class='ocrx_word' id='word_1_195' title='bbox 1441 3263 1605 3326; x_wconf 92' lang='lat' dir='ltr'>quae</span> <span class='ocrx_word' id='word_1_196' title='bbox 1652 3242 1928 3326; x_wconf 90' lang='lat' dir='ltr'>sapienti</span> <span class='ocrx_word' id='word_1_197' title='bbox 1956 3261 2189 3325; x_wconf 78' lang='lat' dir='ltr'>prae-5</span> 
     </span>
     <span class='ocr_line' id='line_1_31' title="bbox 311 3336 2143 3432; baseline -0.001 -23"><span class='ocrx_word' id='word_1_198' title='bbox 311 3368 467 3431; x_wconf 89' lang='lat' dir='ltr'>saga</span> <span class='ocrx_word' id='word_1_199' title='bbox 497 3354 774 3432; x_wconf 87' lang='lat' dir='ltr'>aptaque</span> <span class='ocrx_word' id='word_1_200' title='bbox 807 3346 1148 3411; x_wconf 84' lang='lat' dir='ltr'>inminenti</span> <span class='ocrx_word' id='word_1_201' title='bbox 1172 3366 1435 3431; x_wconf 81' lang='lat' dir='ltr'>pugnae</span> <span class='ocrx_word' id='word_1_202' title='bbox 1470 3345 1745 3410; x_wconf 89' lang='lat' dir='ltr'>disserit.</span> <span class='ocrx_word' id='word_1_203' title='bbox 1806 3365 1940 3409; x_wconf 91' lang='lat' dir='ltr'>non</span> <span class='ocrx_word' id='word_1_204' title='bbox 1971 3336 2143 3408; x_wconf 80' lang='lat' dir='ltr'>cam-</span> 
     </span>
    </p>
   </div>
  </div>
 </body>
</html>
