2467 3900
679 222 755 260 AB
781 189 1189 272 Exonssumw
1219 221 1473 262 suavem
1500 221 1540 261 v
1567 222 1710 262 7-11.
1994 216 2114 272 217

287 399 444 442 mox
485 381 555 445 in
613 380 964 445 continenti
1019 380 1247 445 visum.
1341 387 1411 446 et
1451 389 1593 447 erat
1634 382 1885 447 iuvenis
1927 381 2102 447 haud

288 483 528 568 dispari
572 489 818 563 aetate,
864 483 1248 568 quibusdam
1298 485 1589 551 Caesaris
1634 486 1882 551 libertis
1926 486 2145 551 velut5

287 586 619 671 adgnitus,
670 607 788 671 per
835 585 1054 650 dolum
1101 589 1204 652 cui
1252 589 1597 653 comitatus
1639 588 2105 654 adliciebantur

285 692 494 776 ignari
518 690 690 754 fama
716 691 996 756 nominis
1019 698 1084 756 et
1107 693 1424 777 promptis
1450 691 1841 758 Graecorum
1874 694 2104 759 animis

287 794 370 858 ad
414 815 586 859 nova
629 799 696 858 et
737 794 919 858 mira.
976 794 1216 879 quippe
1262 796 1553 878 elapsum
1583 795 1915 861 custodiae
1957 817 2105 881 per-

287 917 443 983 gere
477 898 560 961 ad
585 903 892 981 paternos
925 898 1268 980 exercituS,
1311 896 1685 984 Aegyptum
1715 905 1825 964 aut
1854 900 2105 966 Suriam

284 1002 654 1066 invasurum
695 1000 1026 1085 fingebant
1061 1001 1249 1065 simul
1281 1002 1772 1088 credebantque.
1853 1004 1981 1068 iam
2006 1005 2105 1068 iu·
2122 1027 2175 1068 10

289 1105 570 1170 ventutis
613 1124 945 1184 concursu,
991 1105 1121 1168 iam
1165 1106 1440 1190 publicis
1472 1106 1699 1171 studiis
1737 1107 2105 1192 frequenta-

286 1210 507 1292 batur,
567 1211 778 1274 laetus
830 1210 1275 1294 praesentibus
1320 1217 1386 1276 et
1429 1211 1712 1274 inanium
1759 1230 1906 1295 spe,
1965 1232 2109 1276 cum

289 1313 580 1378 auditum
623 1312 694 1376 id
735 1313 1048 1398 Poppaeo
1085 1314 1361 1379 Sabino:
1408 1315 1463 1378 is
1504 1314 1927 1380 Macedoniae
1970 1321 2109 1380 tum

289 1419 572 1482 intentus
600 1414 915 1482 Achaiam
945 1438 1201 1503 quoque
1233 1419 1515 1483 curabat.
1572 1420 1767 1504 igitur
1796 1441 1925 1504 quo
1956 1441 2110 1484 vera

291 1541 407 1585 seu
429 1520 589 1584 falsa
610 1521 864 1601 antiret,
893 1519 1303 1586 Toronaeum
1313 1512 1877 1608 'Thermaeumque
1902 1524 2111 1588 sinum
2125 1552 2179 1592 ιε

291 1625 778 1709 praefestinans,
808 1646 964 1704 mox
981 1624 1320 1690 Euboeam
1340 1625 1593 1711 Aegaei
1616 1627 1809 1690 maris
1839 1627 2111 1691 insulam

291 1735 358 1792 et
400 1727 703 1792 Piraeum
745 1727 1002 1792 Atticae
1051 1749 1224 1809 orae,
1271 1727 1421 1793 dein
1464 1728 1913 1795 Corinthiense
1957 1731 2111 1794 litus
2172 1737 2177 1742 ’

291 1833 743 1918 angustiasque
788 1833 1019 1898 Isthmi
1063 1832 1313 1912 evadit3
1362 1834 1649 1917 marique
1692 1831 1880 1898 Ionio
1913 1833 1976 1897 N
1978 1834 2109 1899 ico-

291 1937 493 2022 polim
535 1936 898 2003 Romanam
957 1937 1280 2002 coloniam
1324 1936 1653 2020 ingressus
1709 1935 1799 2000 ibi
1854 1934 2113 2001 demum

291 2042 624 2126 cognoscit
685 2042 1008 2107 sollertius
1065 2042 1537 2125 interrogatum
1596 2039 1889 2125 quisnam
1944 2039 2179 2105 foretm

295 2144 533 2210 dixisse
579 2146 668 2211 M.
715 2146 932 2210 Silano
992 2147 1286 2229 genitum
1349 2151 1416 2210 et
1460 2144 1677 2208 multis
1722 2150 2112 2209 sectatorum

294 2248 560 2334 dilapsis
575 2248 942 2314 ascendisse
960 2270 1190 2313 navem
1208 2256 1536 2333 tamquam
1558 2246 1815 2312 Italiam
1838 2252 2111 2332 peteret.

294 2354 674 2438 scripsitque
705 2353 866 2418 haec
884 2353 1144 2418 Tiberio
1168 2372 1379 2437 neque
1400 2373 1521 2416 nos
1546 2351 1863 2434 originem
1889 2350 2113 2413 finem-

292 2478 376 2522 ve
421 2458 559 2522 eius
599 2460 698 2523 rei
741 2457 913 2523 ultra
955 2457 1406 2543 comperimus.

425 2562 507 2644 V,
557 2564 657 2628 11.
719 2563 922 2629 Exitu
977 2563 1129 2627 anni
1173 2561 1287 2625 diu
1333 2559 1545 2624 celata
1589 2557 1915 2622 discordia
1958 2578 2111 2621 con-

293 2668 502 2733 sulum
548 2668 777 2752 erupit.
831 2687 980 2731 nam
1008 2666 1184 2747 Trio,
1229 2663 1435 2727 facilis
1465 2659 1921 2746 capessendis
1902 2659 2113 2724 mimi-

295 2773 461 2837 citiis
492 2777 556 2836 et
585 2771 726 2836 foro
761 2772 1106 2852 exercitus,
1137 2774 1210 2832 ut
1231 2786 1501 2852 segnem
1520 2765 1850 2848 Regulum
1880 2764 1963 2828 ad
1996 2784 2112 2849 op-

294 2875 667 2961 primendos
696 2875 913 2940 Seiani
954 2873 1283 2938 ministros
1329 2871 1587 2955 oblique
1618 2869 2115 2954 perstrinxerat:

292 2980 437 3062 ille,
497 2980 620 3043 nisi
680 2979 1136 3055 lacesseretur,
1195 2974 1555 3040 modestiae
1610 2972 1925 3053 retinens,
1986 2993 2158 3045 non5

295 3085 492 3151 modo
537 3083 806 3149 rettudit
850 3074 1188 3165 collegam,
1235 3079 1353 3143 sed
1398 3085 1470 3142 ut
1512 3077 1779 3141 noxium
1825 3075 2117 3139 coniura-

295 3191 490 3254 tionis
509 3189 591 3253 ad
611 3187 1122 3273 disquisitionem
1139 3185 1457 3249 trahebat.
1497 3181 1843 3265 multisque
1864 3182 2118 3264 patrum

300 3293 628 3359 orantibus
658 3297 974 3376 ponerent
1000 3290 1150 3356 odia
1172 3291 1239 3355 in
1263 3289 1615 3376 perniciem
1634 3286 1805 3349 itura
1820 3304 2117 3349 mansere

295 3397 528 3461 infensi
573 3416 647 3459 ac
694 3394 1098 3477 minitantes,
1158 3394 1366 3459 donec
1426 3390 1804 3473 magistratu
1850 3387 2119 3453 abirent.

401 3508 640 3549 Cornelius
667 3510 872 3551 Tacitus.
903 3510 939 3549 1.
1739 3494 1805 3543 13
1942 3496 1947 3501 “
