2467 3900
639 243 713 282 AB
740 242 992 282 Excusso
1020 242 1149 282 mvr
1177 241 1430 282 AUGUSTI
1456 242 1479 280 1
1505 241 1675 282 36-39.
1998 235 2071 292 29

246 405 524 469 violari..
591 405 781 468 simul
841 405 1162 469 exterritis
1209 403 1317 488 qui
1382 404 1762 468 obstiterant
1818 407 2071 487 raptum
2094 432 2143 470 ιο

249 509 563 574 vexillum
624 509 707 572 ad
763 509 968 592 ripam
1015 507 1209 572 vertit
1263 515 1347 590 et,
1411 507 1607 591 siquis
1654 506 1908 591 agmine
1959 505 2072 568 de·

250 613 566 694 cessisset,
612 633 730 696 pro
777 611 1108 677 desertore
1149 612 1295 678 'fore
1329 613 1665 676 clamitans
1702 611 1961 676 reduxit
2008 612 2073 674 in

251 715 522 780 hiberna
566 714 860 779 turbidos
907 722 1005 779 set
1051 714 1212 778 nihil
1258 737 1468 779 ausos.

383 821 486 884 39.
551 817 810 884 Interea
865 820 1065 904 legati
1111 821 1190 884 ab
1250 826 1477 884 senatu
1532 841 1900 904 regressum
1946 820 2075 883 iam

251 923 425 1008 apud
471 944 646 987 aram
691 922 1008 986 Ubiorum
1054 923 1508 988 Germanicum
1556 925 1814 990 adeunt.
1909 925 2073 989 duae

251 1029 342 1094 ibi
389 1027 702 1110 legioneS,
752 1027 957 1111 prima
1003 1033 1194 1112 atque
1242 1028 1610 1110 vicensima,
1656 1029 2073 1112 veteranique

251 1151 459 1214 nuper
503 1131 679 1194 missi
731 1130 848 1195 sub
895 1131 1136 1195 vexillo
1195 1130 1587 1194 hiemabant.
1690 1130 1962 1214 pavidos
2012 1135 2077 1194 et

256 1235 645 1299 conscientia
667 1233 1021 1298 vaecordes
1052 1236 1249 1299 intrat
1280 1243 1505 1316 metus,
1535 1235 1789 1299 venisse
1822 1240 2075 1318 patrum
2096 1265 2119 1302 5

253 1339 453 1402 iussu.
476 1338 584 1422 qui
628 1339 820 1403 inrita
855 1338 1140 1402 facerent
1177 1359 1339 1423 quae
1384 1359 1502 1423 per
1541 1338 1930 1402 seditionem
1962 1360 2074 1401 ex-

255 1446 640 1526 presserant.
715 1447 914 1525 utque
961 1461 1102 1506 mos
1131 1442 1328 1524 vulgo
1363 1443 1651 1526 quamvis
1688 1442 1863 1506 falsis
1896 1465 2079 1507 reum

258 1545 564 1624 subdere,
611 1545 969 1610 Munatium
1013 1547 1327 1610 Plancum
1375 1548 1707 1611 consulatu
1769 1546 2077 1629 functum,

256 1651 616 1734 principem
670 1649 1039 1734 legationis,
1106 1658 1438 1715 auctorem
1496 1659 1753 1714 senatus
1802 1650 2076 1714 consulti

256 1755 578 1834 incusant3
661 1759 728 1817 et
787 1759 977 1818 nocte
1038 1754 1352 1818 concubia
1416 1754 1725 1818 vexillum
1788 1754 2077 1839 flagitare
2098 1782 2147 1820 10

260 1857 581 1942 occipiunt
627 1877 1070 1941 concursuque
1103 1857 1189 1920 ad
1231 1858 1488 1926 ianuam
1518 1859 1687 1922 facto
1728 1861 2080 1922 moliuntur

257 1962 449 2042 fores,
498 1967 856 2026 extractum
906 1961 1099 2026 cubili
1139 1962 1484 2028 Caesarem
1528 1964 1785 2027 tradere
1832 1964 2077 2027 intento

257 2067 483 2131 mortis
520 2072 698 2130 metu
743 2066 1066 2149 subigunt.
1143 2085 1298 2129 mcx
1343 2067 1493 2151 vagi
1524 2088 1641 2153 per
1670 2067 1807 2131 vias
1855 2066 2080 2131 obvios

255 2170 542 2235 habuere
600 2172 855 2253 legatos
920 2170 1140 2234 audita
1204 2172 1721 2242 consternatione
1786 2170 1866 2234 ad
1917 2169 2079 2233 Ger-

258 2274 579 2340 manicum
621 2274 982 2338 tendentes.
1072 2268 1378 2357 ingerunt
1423 2275 1877 2355 contumeliaS,
1936 2295 2079 2338 cae·
2100 2303 2152 2341 15

258 2377 409 2440 dem
456 2382 701 2459 parant,
744 2376 986 2440 Planco
1030 2378 1333 2461 maxime,
1380 2399 1571 2462 quem
1619 2379 1895 2464 dignitas
1931 2379 2084 2462 fuga

257 2480 720 2565 impediverat3
785 2500 996 2565 neque
1045 2480 1220 2544 aliud
1278 2482 1666 2566 periclitanti
1728 2482 2083 2547 subsidium

257 2606 449 2668 quam
495 2590 704 2648 castra
737 2585 982 2667 primae
1029 2584 1327 2669 legionis·
1418 2585 1549 2649 illic
1593 2586 1778 2670 signa
1809 2592 1874 2649 et
1905 2586 2082 2668 aqui-

255 2690 388 2753 lam
411 2688 748 2773 amplexus
772 2687 1088 2771 religione
1121 2710 1265 2754 sese
1299 2690 1658 2757 tutabatur:
1692 2713 1786 2773 ac,
1819 2692 1885 2753 ni
1904 2690 2081 2775 aqui-

256 2793 403 2866 lifer
446 2790 828 2877 Calpurnius
874 2792 1001 2856 vim
1052 2800 1413 2857 extremam
1459 2794 1786 2875 arcuisset,
1830 2795 2083 2878 legatus
2105 2821 2155 2859 20

257 2898 484 2983 populi
527 2896 809 2961 Romani
853 2895 1166 2960 Romanis
1212 2897 1277 2959 in
1328 2898 1550 2961 castris
1596 2900 1906 2983 sanguine
1968 2918 2082 2962 suo

260 3002 486 3066 altaria
519 3001 711 3065 deum
745 3000 1377 3065 commaculavisset.-
1422 3002 1567 3065 luce
1600 3002 1879 3085 demum,
1911 3010 2085 3085 post-

260 3126 454 3189 quam
487 3104 620 3167 dux
653 3109 719 3167 et
755 3103 940 3167 miles
974 3110 1038 3167 et
1067 3103 1234 3168 facta
1267 3104 1715 3189 noscebantur,
1759 3107 2085 3192 ingressus

262 3215 470 3275 castra
495 3209 916 3275 Germanicus
949 3208 1217 3293 perduci
1255 3208 1337 3272 ad
1370 3230 1438 3271 se
1472 3209 1780 3274 Plancum
1812 3210 2087 3294 imperat

259 3314 634 3399 recepitque
696 3313 763 3377 in
818 3313 1114 3377 tribunal.
1219 3319 1358 3375 tum
1415 3312 1677 3377 fatalem
1751 3313 2086 3398 increpans
2108 3339 2161 3377 25

261 3417 542 3501 rabiem,
607 3436 816 3501 neque
863 3416 1140 3481 militum
1185 3415 1301 3481 sed
1351 3415 1544 3480 deum
1590 3418 1685 3479 ira
1726 3438 2088 3501 resurgere,
