2467 3900
694 215 769 255 AB
799 215 1051 255 EXOESSU
1077 215 1208 256 DIVI
1237 215 1493 256 AUGUSTI
1518 215 1566 254 ΙΙ
1591 216 1764 256 47-51,
2069 211 2144 268 89

307 375 648 440 Vibidium
692 375 1089 457 Varronem,
1134 374 1412 439 Marium
1455 373 1814 459 Nepotem,
1859 373 2146 460 Appium

308 481 703 566 Appianum,
752 478 1126 544 Cornelium
1158 478 1422 562 Sullam,
1467 478 1544 554 Q.
1577 478 1914 544 Vitellium
1943 479 2147 544 movit
2167 505 2216 543 15
2345 475 2356 496 ⁹

310 592 540 652 senatu
584 591 699 650 aut
744 589 974 668 sponte
1022 583 1258 649 cedere
1306 605 1533 668 passus
1582 590 1698 648 est.

442 691 546 754 49.
604 688 825 753 Isdem
884 687 1284 773 temporibus
1341 686 1532 751 deum
1579 685 1778 752 aedes
1822 691 2146 752 vetustate

309 800 423 872 aut
455 794 592 878 igni
622 792 897 857 abolitas
930 797 1322 876 coeptasque
1355 793 1434 856 ab
1467 788 1765 875 Augusto
1803 790 2146 874 dedicavit,

306 898 550 963 Libero
597 895 1004 980 Liberaeque
1053 901 1119 960 et
1159 894 1384 960 Cereri
1427 895 1612 960 iuxta
1654 896 1894 959 circum
1937 894 2143 960 maxi-

308 1024 521 1084 mum,
578 1024 771 1087 quam
813 999 897 1065 A.
942 1001 1314 1065 Postumius
1363 997 1638 1064 dictator
1681 1005 1985 1083 voverat,
2033 1019 2145 1063 eo-

312 1109 591 1191 demque
635 1106 708 1170 in.
746 1104 892 1170 loco
939 1103 1442 1168 aedemFlorae
1479 1103 1558 1168 ab
1589 1103 1792 1168 Lucio
1825 1108 1894 1168 et
1922 1101 2142 1166 Marco
2165 1130 2190 1168 5

308 1209 621 1275 Publiciis
670 1208 986 1274 aedilibus
1031 1209 1448 1273 constitutam
1495 1214 1560 1272 et
1601 1207 1762 1272 Iano
1810 1207 2146 1292 templum,

311 1313 487 1400 quod
533 1313 705 1399 apud
752 1313 964 1378 forum
997 1312 1377 1376 holitorium
1410 1311 1482 1378 O.
1514 1312 1774 1377 Duilius
1805 1317 2144 1395 struxerat,

310 1419 423 1503 qui
478 1419 723 1503 primus
779 1437 921 1482 rem
964 1416 1328 1481 Romanam
1379 1437 1691 1502 prospere
1737 1416 1900 1481 mari
1944 1415 2148 1500 gessit

310 1521 833 1606 triumphumque
880 1521 1181 1586 navalem
1228 1521 1310 1586 de
1355 1520 1596 1586 Poenis
1641 1522 1900 1584 meruit.
1993 1519 2147 1605 Spei

312 1625 511 1690 aedes
576 1646 614 1690 a
684 1625 1069 1692 Germanico
1140 1631 1459 1690 sacratur:
1531 1623 1696 1689 hanc
1761 1622 1846 1687 A.
1908 1622 2146 1689 Atilius
2168 1647 2217 1687 ιο

311 1737 583 1798 voverat
628 1728 863 1794 eodem
906 1729 1103 1794 bello.

444 1833 547 1896 50.
617 1830 1085 1897 Adolescebat·
1125 1832 1375 1896 interea
1441 1832 1550 1896 lex
1616 1832 1991 1897 maiestatis.
2083 1839 2148 1897 et

312 1935 703 2023 Appuleiam
733 1935 1051 2002 Varillam
1086 1937 1326 2003 sororis
1355 1935 1640 2022 Augusti
1667 1941 1953 2023 neptem,
2000 1937 2153 2022 quia

312 2041 645 2128 probrosis
687 2041 1113 2107 sermonibus
1181 2039 1402 2107 divum
1469 2041 1840 2126 Augustum
1903 2064 1978 2108 ac
2040 2041 2148 2106 Ti-

312 2146 569 2211 berium
628 2154 695 2212 et
750 2153 1023 2212 matrem
1081 2146 1438 2231 inlusisset,
1463 2166 1467 2171 ·
1496 2147 1848 2212 maiestatis
1899 2146 2151 2212 delator

314 2253 703 2317 arcessebat.
790 2250 1100 2335 distingui
1149 2250 1389 2316 Caesar
1430 2250 1782 2336 postulavit
1827 2250 2149 2315 damnari·
2169 2278 2193 2317 5

316 2376 463 2440 que,
508 2356 692 2440 siqua
738 2354 821 2420 de
850 2353 1151 2439 Augusto
1198 2356 1577 2438 inreligiose
1625 2355 1928 2421 dixisset:
1976 2356 2044 2420 in
2079 2376 2151 2421 se

314 2460 485 2523 iacta
540 2458 715 2524 nolle
776 2459 860 2524 ad
906 2458 1342 2543 cognitionem
1387 2459 1626 2525 vocari.
1714 2459 2151 2544 interrogatus

315 2584 357 2627 a
414 2563 712 2645 consule,
770 2563 925 2647 quid
986 2562 1067 2627 de
1124 2562 1203 2627 iis
1262 2568 1559 2627 censeret
1603 2584 1769 2647 quae
1816 2552 1907 2627 de
1947 2569 2150 2630 matre
2203 2574 2208 2578 '

314 2669 535 2733 locuta
566 2688 775 2731 ‘secus
832 2675 1242 2754 argueretur,
1299 2668 1588 2749 reticuit3
1651 2669 1804 2733 dein
1847 2660 2146 2754 proximo

314 2776 577 2836 senatus
641 2770 747 2835 die
809 2770 983 2835 illius
1048 2791 1323 2856 quoque.
1369 2772 1633 2837 nomine
1696 2772 2153 2838 oravit-necui
2171 2800 2222 2839 10

317 2876 517 2941 verba
551 2876 626 2939 'in
673 2895 819 2939 eam
863 2895 1121 2959 quoquo
1162 2874 1361 2939 modo
1389 2874 1613 2940 habita
1643 2876 1892 2941 crimini
1921 2875 2153 2942 forent.

314 2981 742 3065 liberavitque
788 2978 1183 3066 Appuleiam
1227 2982 1377 3065 lege
1424 2982 1800 3047 maiestatis.
1839 3040 1841 3042 ,

360 3124 365 3131 -
450 3085 553 3149 51.
581 3084 685 3148 De
716 3090 1017 3169 praetore
1051 3085 1118 3149 in
1147 3087 1368 3150 locum
1395 3086 1700 3172 Vipstani
1734 3084 1924 3167 Galli,
1958 3106 2151 3169 quem

317 3210 492 3253 mors
556 3187 935 3272 abstulerat,
1002 3188 1415 3274 subrogando
1481 3195 1808 3255 certamen
1866 3186 2148 3251 incessit.

322 3293 747 3360 Germanicus
788 3298 981 3377 atque
1010 3293 1264 3358 Drusus
1297 3292 1474 3377 (nam
1505 3294 1700 3357 etiam
1732 3299 1868 3356 tum
1897 3290 2150 3355 Romae

320 3397 533 3481 erant)
563 3397 905 3461 Haterium
930 3396 1294 3483 Agrippam
1325 3398 1756 3483 propinquum
1784 3394 2150 3462 Germanici
