2467 3900
388 250 416 302 1
425 247 460 301 2
1073 250 1349 290 CORNELII
1378 249 1574 289 TACITI

319 407 764 492 15regendum.
885 409 1132 474 addidit
1213 409 1474 473 laudem
1557 406 1637 472 de
1712 407 2011 492 Augusto
2104 404 2221 468 Ti-

385 515 764 598 beriumque
827 514 1036 597 ipsum
1096 513 1515 578 victoriarum
1572 531 1865 596 quaeque
1932 511 1999 573 in
2056 516 2224 593 toga

388 640 506 703 per
562 625 661 683 tot
721 639 924 682 annos
986 618 1253 703 egregie
1311 616 1571 680 fecisset
1632 613 1988 679 admonuit.
2092 633 2222 677 nec

387 722 536 786 ideo
611 721 774 785 iram
845 721 1104 800 lenivit,
1192 721 1449 804 pridem
1520 719 1793 800 invisus,
1884 723 2222 802 tamquam

391 827 583 891 ducta
627 827 690 889 in
728 826 1205 890 matrimonium
1230 823 1546 908 Vipsania
1578 822 1665 885 M.
1699 822 2031 906 Agrippae
2060 821 2219 904 filia,

321 951 371 989 20
389 953 554 1016 quae
615 929 940 1014 quondam
987 929 1229 994 Tiberii
1288 949 1457 992 uxor
1516 927 1756 1009 fuerat,
1821 913 1965 1012 plus
2022 947 2222 1010 quam

389 1034 603 1098 civilia
633 1035 908 1117 agitaret
937 1033 1380 1117 Pollionisque
1411 1032 1625 1096 Asinii
1661 1031 1863 1113 patris
1906 1030 2220 1094 ferociam

389 1139 718 1204 retineret.

525 1243 625 1304 13.
691 1242 852 1306 Post
918 1262 1084 1325 quae
1150 1240 1226 1304 L.
1285 1239 1632 1304 Arruntius
1702 1239 1877 1304 haud
1942 1241 2219 1304 multum

392 1347 762 1430 discrepans
794 1367 832 1410 a
854 1343 1026 1410 Galli
1059 1345 1350 1408 oratione
1382 1343 1652 1428 perinde
1680 1342 1971 1424 offendit,
1998 1363 2222 1429 quam-

391 1471 582 1534 quam
631 1447 891 1512 Tiberio
939 1447 1119 1510 nulla
1156 1453 1346 1512 vetus
1390 1446 1455 1510 in
1497 1445 1879 1511 Arruntium
1922 1447 2050 1510 ira:
2100 1447 2221 1513 sed

392 1552 659 1616 divitem
701 1558 1093 1636 promptum,
1140 1551 1383 1615 artibus
1426 1547 1705 1635 egre'giis
1752 1557 1817 1615 et
1861 1551 2001 1635 pari
2046 1551 2224 1616 fama

351 1656 644 1741 spublice
703 1655 1130 1740 suspectabat.
1223 1655 1463 1740 quippe
1507 1654 1845 1738 Augustus
1902 1655 2224 1739 supremis

390 1759 792 1825 sermonibus
851 1781 998 1824 cum
1043 1762 1352 1825 tractaret
1409 1763 1671 1845 quinam
1716 1760 1984 1844 adipisci
2046 1762 2226 1846 prin-

409 1864 619 1948 cipem
667 1865 899 1928 -locum
962 1863 1293 1928 suffecturi
1364 1863 1719 1928 abnuerent
1780 1872 1889 1928 aut
1963 1865 2225 1950 inpares

394 1968 639 2031 vellent
684 1970 790 2032 vel
835 1968 1008 2033 idem
1054 1976 1324 2052 possent
1370 1976 1825 2053 cuperentque,
1872 1968 1981 2033 M’.
2023 1968 2225 2054 Lepi-

399 2071 551 2135 dum
599 2072 853 2137 dixerat
910 2093 1216 2156 capacem
1263 2071 1380 2137 sed
1426 2079 1907 2156 aspernantem,
1960 2074 2225 2138 Gallum

329 2198 378 2238 ιο
396 2176 697 2240 Asinium
741 2176 1003 2241 avidum
1047 2184 1113 2240 et
1159 2176 1494 2259 minorem,
1544 2175 1619 2239 L.
1664 2174 2041 2241 Arruntium
2086 2198 2225 2241 non

395 2279 734 2363 indignum
764 2288 850 2363 et,
897 2279 950 2343 si
981 2301 1163 2343 casus
1197 2280 1479 2361 daretur,
1524 2302 1844 2345 ausurum.
1929 2281 2009 2345 de
2048 2282 2227 2365 prio-

397 2384 573 2448 ribus
619 2383 1046 2471 consentitur,
1113 2403 1230 2468 pro
1278 2381 1591 2449 Arruntio
1639 2382 1899 2469 quidam
1950 2383 2066 2461 Qn.
2112 2385 2225 2476 Pi-

399 2476 627 2552 sonem
699 2486 1058 2568 tradidere3
1143 2508 1493 2572 omnesque
1572 2494 1829 2573 praeter
1900 2488 2224 2573 Lepidum

400 2590 590 2653 variis
655 2611 810 2655 mox
869 2590 1240 2655 criminibus
1301 2596 1589 2657 struente
1632 2591 1894 2658 Tiberio
1955 2594 2229 2658 circum-

332 2715 384 2754 ιε
400 2694 578 2757 venti
622 2701 789 2758 sunt.
866 2693 1058 2757 etiam
1091 2692 1168 2767 Q.
1200 2693 1509 2758 Haterius
1538 2700 1605 2758 et
1634 2696 1996 2761 Mamercus
2028 2695 2228 2761 Scau-

399 2817 507 2861 rus
581 2796 977 2881 suspicacem
1037 2798 1321 2861 animum
1378 2801 1855 2883 perstrinxere,
1916 2800 2227 2869 Haterius

402 2924 547 2966 cum
579 2901 850 2969 dixisset
880 2924 1028 2987 ,quo
1060 2924 1263 2987 usque
1296 2903 1577 2988 patieris,
1611 2904 1869 2987 Caesar,
1915 2926 2045 2969 non
2081 2926 2227 2970 esse

403 3011 596 3091 caput
638 3006 733 3070 rei
776 3006 1072 3091 publicae
1089 3003 1162 3089 12‘,
1210 3006 1485 3071 Scaurus
1531 3008 1681 3093 quia
1727 3007 1995 3091 dixerat,
2043 3030 2228 3093 spem

404 3106 488 3174 ex
520 3129 619 3190 ec,
650 3130 783 3175 non
826 3110 1048 3175 inritas
1077 3111 1217 3175 fore
1254 3117 1515 3175 senatus
1559 3132 1805 3196 preces,
1852 3111 2028 3196 quod
2059 3114 2228 3177 rela-

335 3236 387 3275 20
403 3211 565 3276 tioni
627 3214 960 3278 consulum
1030 3214 1169 3279 iure
1233 3215 1615 3281 tribuniciae
1690 3216 2031 3302 potestatis
2095 3239 2229 3282 non

403 3315 886 3383 intercessisset.
978 3319 1045 3382 in
1088 3319 1432 3383 Haterium
1479 3322 1695 3385 statim
1754 3322 2045 3386 invectus
2094 3330 2226 3405 est;

406 3416 746 3501 Scaurum,
811 3421 914 3484 cui
976 3421 1421 3506 inplacabilius
1482 3424 1903 3509 irascebatur,
1968 3415 2229 3493 silentio
