2467 3900
662 218 737 258 AB
764 217 1017 259 ExcEssn
1043 217 1173 256 Drvi
1199 215 1454 258 AUGUSTI
1477 216 1548 256 111
1575 215 1742 255 55-58.
2000 209 2108 266 147

287 378 515 462 positis
559 378 779 460 bellis,
843 376 1298 462 triumphalem
1345 383 1411 441 et
1456 375 1555 440 bis
1601 375 1934 440 consulem
1975 374 2112 438 noti

288 482 527 547 laboris
570 483 949 566 participem
992 482 1177 546 sumi.
1263 517 1266 522 ·

422 587 525 650 57.
598 587 1083 672 ,Praeceperant
1154 586 1384 652 animis
1455 584 1811 650 orationem
1875 589 2112 669 patres,

294 712 419 775 quo
460 691 809 775 quaesitior
844 691 1151 755 adulatiO.
1220 712 1342 756 nec
1375 696 1590 756 tamen
1627 694 1956 775 repertum
1994 689 2116 755 nisi

294 801 361 858 ut
408 795 652 879 effigies
697 796 1079 881 principum,
1126 816 1269 859 aras
1301 796 1514 876 deum,
1557 795 1800 880 templa
1830 800 1896 859 et
1934 815 2116 859 arcus

292 898 543 984 aliaque
603 900 795 963 solita
859 905 1230 980 censerent3
1295 901 1384 964 M.
1434 900 1690 964 Silanus
1748 921 1833 964 ex
1889 905 2116 963 contu-

291 1004 487 1068 melia
516 1003 885 1068 consulatus
916 1003 1233 1067 honorem
1255 1002 1648 1087 principibus
1672 1002 1901 1086 petivit
1924 1002 2158 1066 dixit-5

296 1128 421 1191 que
480 1128 597 1192 pro
660 1107 1011 1186 sententia,
1067 1111 1141 1169 ut
1199 1105 1472 1191 publicis
1503 1105 1866 1190 ,privatisve
1911 1105 2119 1170 moni-

292 1210 525 1274 mentis
588 1209 671 1274 ad
728 1209 1103 1274 memoriam
1164 1217 1530 1294 temporum
1589 1231 1721 1274 non
1787 1211 2121 1274 consulum

293 1314 557 1379 nomina
616 1312 1204 1394 praescriberentur
1263 1314 1380 1380 sed
1432 1335 1656 1380 eorum
1702 1314 1811 1399 qui
1853 1313 2121 1379 tribuni-

298 1416 461 1480 ciam
515 1420 909 1500 potestatem
966 1426 1293 1502 gererent.
1365 1425 1446 1484 at
1493 1418 1572 1494 Q.
1617 1419 1928 1484 Haterius
1975 1441 2122 1485 cum

298 1521 436 1586 eius
501 1520 631 1584 diei
677 1527 937 1586 senatus
984 1522 1278 1587 consulta
1319 1523 1532 1588 aureis
1587 1523 1818 1589 litteris
1861 1523 2121 1607 figenda
2140 1542 2192 1582 10

297 1625 364 1688 in
424 1623 603 1688 curia
660 1625 1015 1694 censuisset
1028 1675 1054 1708 „
1112 1625 1468 1692 deridiculo
1536 1626 1656 1691 fuit
1717 1649 1920 1692 senex
1981 1626 2118 1692 foe-

304 1728 602 1794 dissimae
650 1730 1039 1794 adulationis
1084 1738 1334 1797 tantum
1377 1730 1636 1796 infamia
1672 1753 1932 1796 usurus.
2061 1793 2064 1798 .

432 1833 535 1896 58.
596 1833 779 1899 Inter
823 1855 988 1918 quae
1037 1834 1363 1918 provincia
1403 1833 1624 1900 Africa
1665 1835 1854 1900 Iunio
1875 1837 2120 1903 Blaeso

298 1945 665 2023 prorogata,
712 1937 975 2005 Servius
1017 1940 1484 2025 Maluginensis
1525 1940 1758 2004 flamen
1802 1938 2008 2004 Dialis
2052 1945 2125 2004 ut

300 2043 524 2108 Asiam
569 2028 757 2119 sorte*
802 2044 1075 2109 haberet
1120 2044 1471 2128 postulavit
1514 2044 1750 2108 frustra
1790 2043 2124 2129 vulgatum

302 2147 607 2213 dictitans
648 2168 780 2221 non
826 2148 1020 2212 licere
1066 2148 1362 2212 Dialibus
1408 2147 1636 2231 egredi
1678 2146 1870 2212 Italia
1913 2150 2125 2234 neque

302 2251 477 2316 aliud
521 2252 619 2315 ius
670 2273 857 2316 suum
900 2272 1093 2337 quam
1114 2252 1528 2317 'Martialium
1573 2251 2126 2337 Quirinaliumque
2147 2268 2172 2307 ⁵

300 2356 658 2425 flaminum:
705 2377 930 2441 porro,
977 2358 1033 2421 si
1070 2356 1143 2421 *hi
1196 2356 1530 2421 duxissent
1572 2357 1968 2441 provincias,
2017 2376 2130 2421 cur

304 2460 599 2525 Dialibus
657 2459 724 2524 id
782 2461 1102 2525 vetitum?
1175 2462 1354 2525 nulla
1413 2462 1494 2525 de
1546 2447 1634 2525 ¹eo
1681 2462 1906 2547 populi
1951 2462 2128 2545 scita,

305 2587 437 2629 non
470 2565 537 2629 in
567 2564 744 2628 libris
777 2563 1311 2629 caerimoniarum
1340 2564 1632 2649 reperiri.
1697 2586 1892 2651 saepe
1923 2566 2131 2651 ponti-

304 2668 457 2733 fices
487 2668 703 2732 Dialia
739 2689 920 2732 sacra
948 2666 1198 2751 fecisse,
1248 2668 1300 2731 si
1337 2668 1573 2733 flamen
1611 2669 1983 2734 valetudine
2020 2676 2132 2734 aut

304 2794 572 2838 munere
617 2772 881 2857 publico
927 2771 1370 2858 impediretur.
1432 2772 1714 2857 quinque
1759 2780 1828 2838 et
1871 2780 2129 2858 septua-
2152 2788 2201 2827 10

306 2878 487 2960 ginta
512 2878 695 2942 annis
719 2883 869 2962 post
890 2876 1183 2943 Cornelii.
1196 2876 1490 2944 Merulae
1517 2878 1784 2943 caedem
1806 2880 2135 2944 neminem

310 2980 669 3061 suffectum,
699 3001 911 3065 neque
930 2987 1145 3045 tamen
1166 2981 1514 3045 cessavisse
1542 2979 1911 3065 religiones.
1958 2980 2134 3066 quod

309 3084 364 3147 si
407 3105 525 3169 per
566 3090 665 3148 tot
711 3105 910 3149 annos
955 3084 1158 3169 possit
1200 3105 1334 3149 non
1365 3083 1570 3149 creari
1598 3084 1776 3147 nullo
1807 3104 2135 3147 sacrorum

315 3187 579 3271 damno,
644 3194 883 3272 quanto
942 3188 1193 3253 facilius
1252 3188 1579 3253 afuturum
1623 3188 1707 3252 ad
1749 3190 1940 3252 unius
1985 3189 2137 3254 anni

313 3294 772 3376 proconsulare
804 3292 1187 3377 imperium?
1224 3292 1492 3377 privatis
1522 3290 1676 3354 olim
1705 3290 2136 3356 simultatibus
2154 3315 2206 3354 15

316 3394 651 3479 effectum,
708 3402 781 3460 ut
836 3418 875 3461 a
930 3394 1336 3480 pontificibus
1379 3394 1674 3460 maximis
1733 3394 1827 3458 ire
1873 3394 1939 3457 in
1983 3416 2136 3479 pro-

1745 3495 1826 3549 9*
