2467 3900
640 261 715 298 AB
741 257 994 299 Excusso
1020 260 1149 301 mvl
1175 261 1429 300 mensem
1459 262 1519 302 Ἦ
1545 263 1714 304 38-41.
1974 259 2088 315 245

271 441 382 484 cus
427 419 700 505 adeptus
757 421 1182 505 maximisque
1230 422 1581 506 provinciis
1625 443 1742 506 per
1790 428 2093 507 quattuor

269 530 336 588 et
399 524 627 607 viginti
693 546 894 589 annos
958 525 1277 608 inpositus
1338 527 1584 589 nullam
1644 527 1727 590 ob
1788 528 2091 592 eximiam

271 635 474 694 artem
533 629 648 694 sed
709 630 886 714 quod
943 650 1058 715 par
1104 631 1386 713 negotiis
1431 652 1642 712 neque
1690 653 1887 716 supra
1932 639 2092 696 erat.

402 733 504 797 40.
577 733 652 808 Q.
711 733 1008 798 Plautius
1064 733 1214 798 Sex.
1262 734 1570 818 Papinius
1628 736 1929 800 consules
1988 759 2091 802 se-

272 843 570 920 quuntur.
663 859 744 902 eo
793 857 958 902 anno
1007 858 1220 921 neque
1268 838 1441 921 quod
1486 837 1561 902 L.
1607 837 1923 904 Aruseius
1954 867 2097 912 *ιι*

275 948 478 1005 morte
555 940 796 1005 adfecti
836 943 1076 1006 ‘forent
1146 942 1575 1008 adsuetudine
1646 945 1964 1008 malorum
2026 950 2099 1009 ut

271 1053 464 1109 atrox
501 1045 982 1126 advertebatur,
1030 1045 1146 1110 sed
1185 1047 1501 1111 exterruit
1534 1049 1707 1132 quod
1737 1047 2098 1114 Vibulenus

273 1147 570 1232 Agrippa
617 1168 816 1232 eques
861 1148 1214 1232 RomanuS,
1268 1171 1412 1214 cum
1454 1158 1867 1235 perorassent
1911 1168 2141 1216 acen-5

273 1257 541 1334 satoreS,
587 1252 655 1315 in
690 1252 832 1336 ipsa
879 1253 1054 1317 curia
1100 1252 1559 1339 depromptum
1604 1256 1747 1319 sinu
1777 1276 2099 1321 venenum

271 1357 486 1421 hausit
529 1357 997 1442 prolapsusque
1044 1379 1118 1422 ac
1153 1359 1579 1423 moribundus
1623 1359 1938 1424 festinatis
1985 1361 2097 1425 lic-

273 1467 488 1524 torum
533 1461 828 1526 manibus
874 1461 941 1526 in
979 1483 1305 1526 carcerem
1348 1469 1571 1546 raptus
1620 1469 1719 1528 est
1755 1463 2099 1547 faucesque

272 1567 404 1630 iam
431 1566 742 1630 exanimis
775 1566 1006 1650 laqueo
1029 1572 1329 1631 vexatae.
1374 1589 1456 1632 ne
1478 1568 1791 1653 Tigranes
1820 1568 2098 1653 quidem,

274 1668 586 1734 Armenia
631 1669 958 1753 quondam
999 1672 1245 1754 potitus
1293 1691 1366 1734 ac
1412 1678 1564 1734 tunc
1610 1693 1789 1754 reus,
1840 1675 2169 1738 nominem

273 1776 455 1859 regio
491 1775 808 1858 supplicia
838 1774 1072 1839 civium
1106 1775 1353 1858 effugit.
1424 1781 1488 1838 at
1520 1775 1594 1839 O.
1632 1775 1838 1840 Galba
1871 1798 2099 1840 consu-

275 1881 426 1944 laris
491 1887 558 1944 et
623 1879 748 1944 duo
812 1879 1030 1945 Blaesi
1095 1879 1460 1944 voluntario
1540 1882 1721 1944 exitu
1785 1881 2097 1967 cecidere,

281 1986 490 2050 Galba
531 1986 818 2049 tristibus
853 1984 1145 2049 Caesaris
1190 1985 1421 2048 litteris
1453 1986 1848 2070 provinciam
1886 1988 2101 2052 sortiri

277 2089 670 2174 prohibitus:
703 2089 955 2153 Blaesis
981 2088 1363 2172 sacerdotia,
1382 2089 1635 2172 integra
1658 2111 1879 2153 eorum
1904 2090 2097 2156 domo

278 2194 616 2275 destinata,
665 2194 974 2258 convulsa
1008 2194 1361 2277 distulerat,
1408 2199 1563 2257 tunc
1596 2199 1669 2256 ut
1707 2216 1912 2258 vacua
1949 2216 2099 2259 con·
2119 2215 2169 2255 15

275 2298 424 2361 tulit
468 2298 534 2362 in
581 2297 760 2377 alios,
816 2296 990 2379 quod
1037 2298 1293 2381 signum
1339 2298 1563 2361 mortis
1609 2298 2025 2363 intellexere.-

410 2402 512 2464 41.
577 2401 707 2465 Per
750 2400 925 2465 idem
971 2406 1225 2486 tempus
1277 2402 1588 2467 Clitarum
1631 2405 1808 2467 natio
1852 2404 2101 2490 Cappa-

282 2505 428 2570 doci
472 2504 797 2569 Archelao
843 2504 1151 2587 subiecta,
1199 2505 1349 2589 quia
1392 2512 1684 2571 nostrum
1728 2508 1792 2571 in
1838 2508 2102 2572 modum

283 2610 534 2673 deferre
583 2630 846 2690 censuS‚
907 2608 1038 2693 pati
1082 2610 1323 2673 tributa
1368 2608 1783 2693 adigebatur,
1843 2612 1907 2674 in
1953 2612 2105 2697 iuga

280 2712 475 2777 Tauri
531 2713 768 2777 montis
825 2713 1134 2776 abscessit
1182 2714 1604 2797 locorumque
1652 2713 1913 2797 ingenio
1963 2736 2103 2779 sese

283 2822 506 2881 contra
568 2817 864 2881 imbelles
929 2819 1103 2902 regis
1175 2818 1393 2901 copias
1463 2818 1821 2899 tutabatur,
1898 2818 2147 2885 donec5

281 2922 371 2985 M.
416 2920 778 2985 Trebellius
835 2923 1089 3005 legatus
1137 2945 1176 2986 a
1220 2921 1489 2987 Vitellio
1537 2923 1832 3006 praeside
1882 2923 2105 3007 Syriae

284 3046 426 3089 cum
491 3031 793 3110 quattuor
855 3027 1110 3092 milibus
1172 3028 1679 3112 legionariorum
1728 3034 1793 3093 et
1842 3029 2107 3093 delectis

281 3131 538 3194 auxiliis
597 3131 828 3194 missus
893 3132 1056 3195 duos
1118 3134 1333 3213 colliS,
1400 3154 1563 3218 quos
1624 3133 1879 3197 barbari
1934 3134 2104 3198 inse-

284 3234 511 3300 derant
587 3234 848 3317 (minori
921 3236 1162 3320 Cadra,
1238 3232 1425 3303 alteri
1485 3238 1744 3302 Davara
1815 3231 2104 3320 nomen),

285 3340 584 3424 operibus
650 3340 1074 3407 circumdedit
1132 3348 1197 3408 et
1259 3362 1599 3428 erumpere
1660 3363 1851 3406 ausos
1909 3343 2103 3425 ferro,
2126 3366 2177 3404 10

283 3448 536 3510 ceteros
583 3446 687 3509 siti
733 3447 814 3511 ad
864 3446 1263 3513 deditionem
1310 3448 1543 3533 coegit.
