2467 3900
381 233 495 289 204
837 261 858 275 .
1039 240 1316 280 conum
1343 241 1539 282 'rAcrr1

379 396 818 480 imponeretur
859 395 982 459 nisi
1023 395 1162 460 solo
1192 396 1512 461 firmitatis
1544 401 1895 483 spectatae.
1968 397 2219 464 Atilius

309 524 362 562 ιο
377 500 444 562 in
489 499 757 564 exilium
799 507 978 565 actus
1025 506 1142 564 est.
1219 508 1509 594 ceterum
1553 501 1671 567 sub
1717 509 2047 568 recentem
2078 505 2214 570 cla-

379 604 528 668 dem
573 610 841 689 patuere
882 626 1226 689 procerum
1260 606 1511 690 domus,
1557 607 1847 682 fomenta
1878 613 1944 672 et
1972 607 2217 672 medici

376 709 614 794 passim
660 709 934 794 praebiti
977 710 1226 794 fuitque
1273 711 1425 774 urbs
1469 731 1586 795 per
1628 710 1777 776 illos
1816 711 1955 776 dies
1985 732 2213 796 quam-

375 833 567 895 quam
610 818 858 876 maesta
900 812 1062 878 facie
1107 819 1404 880 veterum
1448 814 1757 878 institutis
1803 815 2049 899 similis,
2096 817 2214 901 qui

373 936 609 999 magna
674 922 824 1000 post
888 917 1138 1001 proelia
1201 918 1455 982 saucios
1516 919 1859 1003 largitione
1924 925 1992 984 et
2052 941 2213 986 cura

309 1040 359 1079 15
375 1021 842 1086 sustentabant.

509 1125 614 1188 64.
681 1123 992 1189 Nondum
1036 1145 1116 1189 ea
1161 1124 1378 1189 clades
1412 1126 1811 1209 exoleverat,
1860 1147 2003 1192 cum
2035 1129 2211 1213 ignis

373 1232 686 1296 violentia
702 1227 930 1295 urbem
949 1231 1117 1295 ultra
1135 1230 1395 1295 solitum
1426 1229 1685 1313 adfecit,
1716 1230 1946 1296 deusto
1979 1238 2207 1298 monte

377 1334 628 1416 Caeli03
693 1333 1086 1418 feralemque
1130 1354 1369 1397 annum
1413 1333 1709 1399 ferebant
1764 1340 1831 1400 et
1877 1335 2207 1401 ominibus

373 1439 662 1506 adversis
721 1443 1091 1524 susceptum
1135 1439 1411 1523 principi
1464 1439 1803 1504 consilium
1847 1439 2205 1524 absentiae,

331 1547 481 1629 esqui
525 1565 669 1610 mos
713 1545 943 1628 vulg0‚
985 1543 1251 1609 fortuita
1296 1543 1378 1607 ad
1424 1544 1679 1629 culpam
1722 1544 2084 1626 trahentes,
2132 1546 2205 1609 ni

374 1650 614 1715 Caesar
659 1646 912 1712 obviam
957 1649 1114 1712 isset
1149 1646 1492 1713 tribuendo
1527 1647 1833 1732 pecunias
1881 1669 1966 1712 ex
1996 1648 2197 1713 modo

371 1752 764 1819 detrimenti.
837 1756 1148 1834 actaeque
1195 1757 1413 1834 grates
1458 1749 1632 1835 apud
1676 1755 1972 1815 senatum
2016 1751 2201 1816 fana-

370 1879 516 1942 que,
546 1858 693 1941 quia
726 1855 862 1920 sine
894 1855 1244 1920 ambitione
1276 1860 1387 1920 aut
1410 1855 1863 1940 proximorum
1895 1854 2199 1940 precibus

365 1964 625 2047 ignotos
657 1963 853 2027 etiam
883 1968 949 2025 et
979 1961 1147 2025 ultro
1183 1960 1424 2026 accitos
1456 1959 1889 2025 munificentia
1918 1961 2199 2026 iuverat.

296 2087 346 2125 ιο
365 2066 688 2132 adduntur
735 2065 1093 2131 sententiae
1137 2069 1211 2127 ut
1237 2086 1425 2129 mons
1458 2063 1713 2129 Caelius
1743 2066 1812 2129 in
1857 2072 2195 2150 posterum

362 2167 698 2253 Augustus
729 2168 1186 2254 appellaretur,
1233 2168 1490 2253 quando
1528 2168 1771 2235 cunctis
1804 2170 2043 2235 circum
2076 2171 2191 2236 fla-

363 2274 696 2357 grantibus
741 2274 881 2338 sola
909 2272 1153 2337 Tiberii
1200 2272 1447 2355 effigies
1492 2274 1615 2338 sita
1657 2274 1725 2339 in
1772 2273 1967 2339 domo
2015 2274 2192 2340 Iunii

365 2378 678 2443 senatoris
735 2376 1042 2440 inviolata
1099 2376 1457 2441 mansisset.
1547 2378 1843 2442 evenisse
1906 2378 1974 2442 id
2038 2378 2196 2442 olim

369 2481 676 2547 Claudiae
710 2480 986 2555 Quintae
1018 2480 1287 2565 eiusque
1317 2486 1593 2546 statuam
1638 2482 1770 2546 vim
1814 2482 2059 2566 ignium
2092 2483 2193 2547 bis

297 2607 347 2645 15
367 2587 654 2672 elapsam
697 2586 976 2649 maiores
1021 2584 1195 2669 apud
1223 2583 1457 2649 aedem
1484 2586 1703 2649 matris
1737 2584 1930 2650 deum
1963 2607 2192 2651 conse-

365 2691 665 2754 cravisse.
727 2694 982 2754 sanctos
1019 2695 1449 2773 acceptosque
1479 2688 1847 2753 numinibus
1881 2689 2191 2755 Claudios

363 2802 431 2859 et
475 2792 836 2878 augendam
869 2791 1326 2857 caerimoniam
1355 2792 1524 2870 1000,
1570 2792 1637 2855 in
1665 2812 1792 2876 quo
1824 2798 2075 2857 tantum
2121 2795 2189 2858 in

362 2897 720 2985 principem
765 2899 1083 2961 honorem
1130 2896 1194 2960 di
1244 2895 1665 2961 ostenderint.

494 3001 597 3065 65.
661 2998 860 3063 Haud
917 2999 1108 3063 fuerit
1164 2997 1517 3063 absurdum
1572 2999 1828 3065 tradere
1895 3007 2185 3066 montem

362 3104 710 3189 antiquitus
743 3100 1359 3185 Querquetulanum,
1407 3101 1582 3185 quod
1620 3102 1767 3167 talis
1814 3103 2012 3167 silvae
2058 3103 2185 3169 fre-

365 3231 564 3295 quens
610 3207 1070 3289 fecundusque‚
1115 3225 1273 3268 mox
1322 3204 1610 3269 Caelium
1654 3205 2102 3291 appellitatum
2148 3228 2187 3271 a

367 3302 562 3377 Caele
620 3310 953 3392 Vibenna,
1017 3308 1123 3392 qui
1191 3307 1327 3373 dux
1389 3308 1602 3391 gentis
1659 3308 1973 3374 Etruscae
2038 3332 2184 3376 cum

323 3415 711 3480 aauxiliatus
776 3417 975 3494 esset,
1038 3410 1263 3477 sedem
1328 3418 1665 3497 acceperat
1732 3435 1771 3477 a
1832 3414 2181 3499 Tarquinio
