2467 3900
397 279 511 336 200
1043 275 1345 326 ὀοΒΝΕιΠ
1372 287 1567 327 TAcrrr

327 466 376 504 10
393 444 554 507 locis
603 445 1060 525 occultantem3
1111 449 1177 507 et
1205 441 1426 506 Rhodi
1471 442 1674 505 vitare
1704 446 1948 521 coetuS,
1995 459 2222 504 recon-

395 547 550 638 dere
595 548 960 632 voluptates
1005 548 1311 612 insuerat.
1385 553 1571 612 erant
1616 546 1723 630 qui
1771 545 2128 610 crederent.
2157 545 2224 607 in

393 658 726 716 senectute
773 651 1059 736 corporis
1105 672 1362 736 quoque
1406 650 1697 714 habitum
1726 647 1962 734 pudori
1990 649 2221 735 fuisse:

393 757 631 840 quippe
676 755 772 819 illi
816 754 1228 839 praegracilis
1275 760 1341 818 et
1384 756 1649 819 incurva
1682 751 2055 837 proceritas,
2102 772 2221 815 nu-

395 860 513 923 dus
559 859 788 944 capillo
832 865 1095 940 vertex,
1142 858 1435 922 ulcerosa
1480 858 1677 922 facies
1721 879 1797 921 ac
1841 846 2221 941 plerumque

322 986 373 1024 15
393 962 924 1028 medicaminibus
968 962 1392 1026 interstincta.
1470 961 1742 1026 traditur
1777 961 1971 1026 etiam
2001 959 2223 1023 matris

389 1068 750 1152 inpotentia
810 1073 1175 1150 extrusum,
1238 1087 1427 1151 quam
1479 1065 1932 1129 dominationis
1978 1065 2220 1128 sociam

391 1172 850 1256 aspernabatur
891 1192 1103 1255 neque
1148 1170 1478 1254 depellere
1510 1175 1789 1254 poterat,
1836 1191 1982 1232 cum
2014 1168 2221 1232 domi-

389 1275 717 1339 nationem
748 1276 956 1359 ipsam
988 1275 1228 1338 donum
1258 1274 1395 1337 eius
1420 1273 1795 1358 accepisset.
1857 1293 2009 1336 nam
2034 1271 2220 1336 dubi-

389 1384 638 1442 taverat
685 1376 1023 1461 Augustus
1073 1379 1561 1460 Germanicum,
1618 1377 1857 1440 sororis
1913 1382 2223 1460 nepotem

321 1489 456 1546 20et
501 1483 744 1545 cunctis
790 1481 1136 1563 laudatum,
1182 1482 1278 1546 rei
1313 1480 1651 1546 Romanae
1694 1480 2052 1564 imponere,
2103 1479 2220 1544 sed

389 1586 687 1670 precibus
731 1587 954 1650 uxoris
1000 1587 1247 1650 evictus
1276 1585 1537 1649 Tiberio
1576 1583 2053 1666 Germanicum,
2100 1582 2224 1646 sibi

391 1688 720 1752 Tiberium
781 1688 1072 1754 adscivit.
1170 1689 1365 1774 idque
1431 1687 1727 1771 Augusta
1788 1689 2225 1774 exprobrabat

390 1791 791 1876 reposcebat.

519 1897 622 1961 58.
680 1896 1006 1964 Profectio
1041 1903 1181 1962 arto
1215 1898 1553 1963 comitatu:
1584 1919 1747 1961 unus
1780 1904 2039 1962 senator
2064 1919 2218 1962 con-

389 2004 598 2067 sulatu
628 2005 904 2087 functus,
953 2004 1265 2069 Cocceius
1295 2004 1532 2087 Nerva,
1579 2003 1680 2068 cui
1710 2005 1932 2085 legum
1964 2004 2217 2089 peritia,

390 2128 587 2192 eques
641 2107 974 2172 Romanus
1032 2113 1293 2193 praeter
1336 2107 1639 2173 Seianum
1700 2129 1783 2172 ex
1842 2107 2219 2173 inlustribus

390 2210 648 2275 Curtius
679 2210 954 2293 Atticus,
1004 2212 1206 2276 ceteri
1250 2212 1621 2277 liberalibus
1663 2214 1889 2277 studiis
1920 2213 2217 2297 praediti,

345 2315 585 2379 5ferme
616 2315 870 2394 Grraeci,
902 2338 1175 2399 quorum
1207 2316 1607 2382 sermonibus
1638 2318 1982 2382 levaretur.
2048 2318 2216 2382 fere-

384 2421 541 2484 bant
598 2422 791 2505 periti
852 2421 1226 2487 caelestium
1285 2422 1365 2486 iis
1423 2422 1705 2485 motibus
1764 2422 2047 2487 siderum
2102 2445 2216 2486 ex-

388 2525 657 2590 cessisse
687 2523 898 2589 Roma
926 2525 1275 2607 Tiberium,
1322 2531 1393 2590 ut
1438 2525 1683 2590 reditus
1724 2527 1818 2590 illi
1848 2534 2215 2610 negaretur.

385 2629 579 2718 unde·
621 2630 802 2694 exitii
863 2650 1052 2693 causa
1109 2630 1327 2693 multis
1387 2651 1735 2715 properum
1791 2630 1985 2695 finem
2042 2632 2214 2696 vitae

387 2732 893 2799 coniectantibus
951 2733 1527 2817 vulgantibusque3
1582 2754 1795 2818 neque
1854 2735 2026 2799 enim
2082 2743 2213 2799 tam

314 2838 828 2903 loincredibilem
875 2859 1091 2901 casum
1134 2838 1583 2923 providebant,
1636 2844 1709 2901 ut
1752 2838 2054 2902 undecim
2095 2860 2217 2923 per

383 2964 584 3007 annos
647 2942 855 3007 libens
915 2942 1125 3026 patria
1183 2947 1449 3007 careret.
1536 2964 1693 3007 mox
1749 2943 1956 3026 patuit
2013 2943 2212 3007 breve

384 3045 727 3109 confinium
789 3044 942 3109 artis
1007 3050 1072 3109 et
1131 3045 1275 3110 falsi
1331 3066 1615 3129 veraque
1674 3066 1865 3130 quam
1926 3045 2214 3109 obscuris

381 3155 775 3234 tegerentur.
848 3169 997 3211 nam
1046 3149 1113 3211 in
1142 3150 1371 3213 urbem
1401 3170 1533 3213 non
1562 3170 2007 3232 regressurum
2028 3149 2211 3212 ⁴haud

381 3254 548 3318 forte
596 3254 869 3316 dictum:
929 3257 1296 3317 ceterorum
1342 3254 1539 3318 nescii
1584 3275 1812 3338 egere,
1867 3275 2014 3320 cum
2059 3276 2209 3339 pro-

316 3357 622 3440 15pi11qu0
668 3376 815 3419 rure
863 3361 974 3419 aut
1016 3355 1208 3420 litore
1254 3362 1319 3421 et
1364 3378 1559 3442 saepe
1606 3358 1861 3423 moenia
1889 3358 2065 3422 urbis
2096 3356 2211 3420 ad-

387 3458 602 3523 sidens
647 3464 1005 3522 extremam
1029 3490 1032 3495 ·
1053 3466 1380 3526 senectam
1427 3462 1867 3546 compleverit.
