2467 3900
381 251 492 308 158
1048 251 1326 293 oonmnn
1351 251 1548 292 rmern

377 418 521 478 acta
577 414 821 475 aestate
879 409 1150 474 retrahit
1208 409 1428 494 copias
1487 415 1598 474 aut
1656 409 1720 473 in
1773 409 2202 475 hibernaculis

374 515 612 582 veteris
672 513 1041 600 provinciae
1087 515 1448 600 componit,
1511 514 1629 578 sed
1672 515 1740 579 in
1782 515 2002 578 limine
2047 512 2205 581 belli

376 618 703 703 dispositis
762 616 1055 690 castellis,
1099 637 1217 702 per
1276 618 1620 702 expeditos
1675 626 1740 683 et
1787 617 2204 685 solitudinum

375 743 611 806 gnaros
673 725 1026 786 mutantem
1088 720 1368 805 mapalia
1422 720 1891 787 Tacfarinatem
1945 727 2200 808 protur-

301 848 353 888 πο
372 824 585 906 habat,
630 823 839 889 donec
884 823 1079 888 fratre
1120 825 1266 896 ‚eius
1307 834 1496 910 capto
1526 845 1858 908 regressus
1889 832 2008 908 est,
2051 847 2199 910 pro-

372 928 701 1014 perantius
744 932 963 992 tamen
1008 948 1199 1012 quam
1246 948 1332 992 ex
1375 928 1654 994 utilitate
1700 931 2051 1012 sociorum,
2095 949 2197 994 re-

372 1034 539 1098 lictis
595 1052 715 1119 per
770 1053 930 1116 quos
974 1041 1346 1117 resurgeret
1393 1034 1654 1099 bellum.
1747 1033 1866 1099 sed
1908 1033 2201 1100 Tiberius

372 1159 488 1222 pro
546 1136 839 1202 confecto
884 1136 1344 1221 interpretatus
1388 1135 1458 1200 id
1503 1158 1760 1222 quoque
1803 1137 2040 1203 Blaeso
2086 1138 2203 1202 tri-

374 1241 511 1305 buit
554 1246 627 1306 ut
668 1241 1023 1325 imperator
1068 1261 1106 1303 a
1150 1239 1516 1323 legionibus
1561 1241 1945 1306 salutaretur
1988 1242 2198 1327 prisco

302 1367 355 1405 25
375 1367 526 1430 erga
546 1347 743 1410 duces
773 1347 1043 1427 honore,
1072 1346 1182 1429 qui
1202 1345 1371 1410 bene
1393 1352 1650 1429 gestare
1677 1347 1938 1430 publica
1959 1345 2196 1430 gaudio

329 1439 335 1449 ’
375 1456 439 1514 et
456 1451 704 1534 impetu
721 1449 981 1514 victoris
1007 1450 1329 1515 exercitus
1358 1451 1951 1530 conclamabantur3
1988 1456 2196 1514 erant-

373 1576 497 1639 que
532 1553 749 1638 plures
782 1554 971 1617 simul
1004 1554 1429 1637 imperatores
1459 1575 1580 1621 nec
1610 1575 1805 1639 super
1835 1561 2198 1619 ceterorum

374 1657 849 1742 aequalitatem.
910 1657 1229 1721 concessit
1259 1657 1640 1742 quibusdam
1674 1664 1741 1723 et
1765 1657 2098 1741 Augustus
2128 1656 2196 1722 id

372 1761 760 1826 vocabulum
804 1782 879 1825 ao
924 1767 1077 1826 tunc
1105 1759 1402 1826 Tiberius
1431 1760 1670 1826 Blaeso
1717 1768 2136 1847 postremum.

506 1867 607 1929 75.
674 1865 911 1931 Obiere
959 1887 1039 1931 eo
1086 1887 1252 1930 anno
1301 1866 1423 1931 viri
1451 1866 1752 1931 inlustres
1783 1865 2051 1932 Asinius
2081 1864 2195 1930 Sa-

371 1971 645 2055 loninus,
676 1971 765 2037 M.
796 1969 1091 2057 Agrippa
1120 1976 1187 2035 et
1214 1971 1514 2036 Pollione
1546 1969 1776 2039 Asinio
1805 1972 1966 2051 avis,
1999 1970 2196 2036 fratre

367 2075 584 2141 Druso
632 2076 896 2159 insignis
931 2074 1323 2159 Caesarique
1367 2095 1692 2159 progener
1725 2075 2098 2157 destinatus,
2131 2080 2198 2139 et

372 2179 601 2263 Capito
646 2177 913 2253 Ateius,
974 2179 1057 2243 de
1108 2198 1235 2263 quo
1281 2172 1668 2262 memoravi,
1728 2179 2084 2264 prinoipem
2131 2178 2197 2244 in

326 2308 353 2345 5
370 2284 628 2349 civitate
673 2284 889 2348 locum
930 2281 1157 2347 studiis
1191 2284 1485 2349 civilibus
1514 2283 1876 2363 adsecutus,
1925 2282 2042 2347 sed
2072 2301 2194 2347 avo

369 2386 743 2453 centurione
786 2385 1073 2469 Sullano,
1123 2393 1308 2472 patre
1353 2388 1703 2473 praetorio.
1795 2387 2198 2454 consulatum

366 2490 849 2555 adceleraverat
891 2488 1225 2575 Augustus
1244 2540 1260 2573 ,
1303 2497 1376 2554 ut
1418 2490 1796 2557 Labeonem
1840 2490 2194 2556 Antistium

365 2592 573 2657 isdem
619 2594 863 2658 artibus
909 2595 1414 2678 praecellentem
1452 2596 1827 2679 dignatione
1860 2598 2195 2682 magistra-

366 2705 468 2764 tus
514 2699 808 2763 anteiret.
882 2720 1165 2783 namque
1209 2699 1322 2762 illa
1366 2704 1545 2765 aetas
1588 2700 1718 2765 duo
1749 2700 1928 2785 pacis
1959 2699 2198 2766 decora

297 2824 347 2863 ιο
368 2803 559 2869 simul
604 2804 783 2868 tulit:
831 2802 948 2869 sed
992 2803 1214 2868 Labeo
1262 2804 1634 2889 incorrupta
1675 2804 1973 2870 libertate
2011 2812 2078 2870 et
2109 2806 2193 2870 ob

360 2905 433 2972 ‘id
485 2908 655 2972 fama
700 2908 1115 2989 celebratior,
1180 2906 1515 2991 Capitonis
1561 2907 1942 2992 obsequium
1987 2908 2194 2973 domi-

366 3013 663 3077 nantibus
703 3012 907 3096 magis
952 3010 1364 3096 probabatur.
1449 3011 1564 3094 illi,
1610 3012 1785 3097 quod
1827 3020 2196 3096 praeturam

367 3118 533 3181 intra
552 3117 748 3199 stetit,
774 3114 1252 3182 commendatio
1274 3136 1360 3181 ex
1376 3117 1632 3200 iniuria,
1649 3118 1816 3201 huic,
1843 3118 2018 3203 quod
2039 3140 2193 3185 con·-

368 3221 645 3284 sulatum
688 3217 962 3304 adeptus
1004 3227 1121 3302 est,
1172 3219 1392 3285 odium
1433 3242 1520 3287 ex
1562 3221 1802 3287 invidia
1847 3224 2192 3288 oriebatur.

501 3326 533 3385 7
543 3326 603 3387 6.
664 3324 750 3389 Et
805 3322 994 3388 Iunia
1051 3325 1504 3407 sexagensimo
1563 3338 1790 3410 quarto
1848 3333 1997 3411 post
2037 3326 2192 3391 Phi-

367 3426 727 3512 lippensem
785 3428 990 3493 aciem
1012 3416 1017 3422 ’
1036 3449 1202 3493 anno
1251 3449 1622 3513 supremum
1669 3429 1840 3493 diem
1886 3429 2195 3515 explevit,
