2467 3900
711 198 787 237 AB
815 199 1069 239 EXOESSU
1096 199 1227 239 DIVI
1251 197 1509 239 AUGUSTI
1533 199 1581 238 11
1607 199 1776 248 51-,54.
2069 193 2141 252 91

304 363 645 429 Numidae
714 361 1083 447 multosque
1154 365 1304 445 post
1371 379 1574 424 annos
1638 357 1836 422 Furio
1903 358 2149 423 nomini
2165 372 2218 411 2⁶

306 475 576 554 partum
636 466 833 532 decus
888 464 1178 530 militiae.
1267 456 1418 528 nam
1477 467 1625 548 post
1675 461 1858 526 illum
1901 463 2149 547 recipe-

314 577 605 637 ratorem
648 571 825 636 urbis
854 568 1187 652 filiumque
1219 567 1358 632 eius
1393 565 1734 630 Camillum
1764 586 1966 651 penes
1995 568 2152 633 alias

316 675 595 741 familias
640 674 1059 758 imperatoria
1100 673 1243 737 laus
1287 671 1523 754 fuerat3
1571 679 1762 758 atque
1809 673 1914 739 hic
1960 693 2150 757 quem

316 798 757 845 memoramus
802 777 1126 842 bellorum
1172 796 1408 860 expers
1439 776 1815 841 habebatur.
1891 798 1970 842 eo
2003 799 2153 863 pro-

315 884 464 948 nior
492 883 789 947 Tiberius
832 903 940 947 res
985 885 1205 964 gestas
1244 879 1419 966 apud
1451 886 1745 945 senatum
1775 881 2221 965 celebravit330

318 994 390 1054 et
453 988 805 1053 decrevere
867 991 1085 1072 patres
1141 984 1556 1069 triumphalia
1611 983 1916 1068 insignia,
1978 987 2153 1070 quod

250 1102 253 1103 ’
320 1090 598 1156 Camillo
648 1091 735 1155 ob
777 1087 1167 1154 modestiam
1210 1088 1384 1154 vitae
1423 1088 1688 1173 impune
1731 1089 1871 1153 fuit.

453 1197 557 1261 53.
582 1195 881 1280 *Sequens
909 1214 1114 1260 annus
1138 1186 1470 1258 Tiberium
1502 1193 1784 1276 tertium,
1819 1193 2154 1260 Germani-

318 1323 469 1366 cum
520 1303 755 1365 iterum
802 1299 1101 1364 consules
1146 1297 1394 1364 habuit.
1483 1297 1598 1362 sed
1647 1317 1797 1362 eum
1839 1298 2155 1364 honorem

322 1405 749 1472 Germanicus
793 1403 937 1467 iniit
980 1403 1156 1488 apud
1185 1403 1410 1468 urbem
1444 1401 1731 1468 Achaiae
1760 1403 2154 1488 Nicopolim,

319 1529 449 1595 quo
488 1514 756 1574 venerat
784 1527 903 1592 per
931 1506 1261 1592 Illyricam
1295 1526 1493 1589 oram,
1539 1506 1680 1572 viso
1711 1507 1908 1572 fratre
1937 1508 2152 1574 Druso

318 1613 387 1677 in
416 1612 747 1677 Delmatia
776 1617 1033 1696 agente,
1078 1611 1444 1677 Hadriatici
1475 1632 1551 1676 ac
1578 1632 1738 1676 mox
1765 1611 1938 1677 Ionii
1964 1613 2156 1678 maris
2173 1640 2200 1678 s

244 1771 246 1773 .
320 1716 659 1782 adversam
704 1715 1187 1799 navigationem
1232 1713 1600 1801 perpessus.
1675 1715 1873 1800 igitur
1916 1738 2158 1802 paucos

322 1819 461 1885 dies
479 1819 823 1904 insumpsit
838 1819 1227 1885 reficiendae
1252 1819 1465 1901 classi3
1489 1819 1680 1883 simul
1699 1821 1874 1885 sinus
1889 1818 2159 1886 Actiaca

318 1923 589 1989 victoria
636 1923 911 1988 inclutos
960 1928 1026 1989 et
1071 1929 1351 1990 sacratas
1382 1924 1461 1989 ab
1492 1922 1793 2009 Augusto
1823 1926 2156 1993 manubias

321 2036 658 2113 castraque
690 2026 963 2092 Antonii
994 2048 1141 2095 cum
1170 2028 1622 2095 recordatione
1653 2030 1971 2096 maiorum
2005 2051 2152 2096 suo-

320 2154 464 2197 rum
517 2131 694 2196 adiit.
783 2152 1062 2217 namque
1110 2134 1189 2215 ei,
1237 2138 1308 2197 ut
1351 2134 1742 2215 memoravi,
1801 2135 2153 2200 avunculus
2170 2156 2222 2196 ιο

318 2235 655 2321 Augustus
668 2286 685 2321 ,
751 2256 909 2302 avus
965 2235 1292 2302 Antonius
1357 2243 1540 2302 erant
1602 2258 1962 2324 magnaque
1997 2240 2156 2305 *illic

319 2340 535 2425 imago
566 2341 845 2405 tristium
876 2341 1344 2427 laetorumque.
1405 2342 1554 2408 hinc
1575 2349 1840 2409 ventum
1864 2341 2155 2410 Athenas

320 2446 701 2531 foederique
748 2445 963 2510 sociae
1010 2452 1077 2511 et
1119 2447 1416 2512 ‘vetustae
1457 2446 1635 2512 urbis
1673 2448 1895 2513 datum
1922 2455 1995 2513 ut
2023 2470 2178 2532 uno,
2245 2470 2249 2475 ·

320 2548 550 2613 lictore
610 2554 923 2615 uteretur.
1014 2570 1336 2636 excepere
1385 2550 1622 2617 Graeci
1672 2552 2156 2637 quaesitissimis

318 2652 708 2735 honoribus,
771 2658 997 2719 vetera
1056 2674 1322 2719 suorum
1382 2655 1554 2720 facta
1617 2654 1912 2741 dictaque
1972 2676 2224 2742 prae-1⁵

320 2758 637 2841 ferentes,
696 2779 822 2843 quo
880 2760 1025 2844 plus
1089 2758 1482 2843 dignationis
1535 2760 1821 2827 adulatio
1867 2762 2156 2828 haberet.

454 2863 559 2925 54.
602 2862 820 2927 Petita
846 2862 1000 2928 inde
1032 2862 1307 2929 Euboea
1335 2863 1611 2929 tramisit
1639 2864 1944 2930 Lesbum.
2018 2872 2156 2931 tum

324 2971 618 3031 extrema
632 2964 831 3032 Asiae
855 2966 1366 3051 Perinthumque
1389 2988 1465 3032 ac
1485 2966 1890 3053 Byzantium,
1917 2968 2158 3034 Thrae-

324 3070 453 3135 cias
498 3072 715 3154 urbes,
760 3092 919 3137 mox
946 3071 1366 3157 Propontidis
1414 3073 1741 3155 angustias
1785 3080 1852 3137 et
1884 3095 1956 3139 os
1984 3072 2157 3137 Pon-

320 3174 522 3239 ticum
566 3176 783 3260 intrat,
829 3174 1132 3261 cupidine
1177 3180 1436 3240 veteres
1481 3177 1660 3241 locos
1693 3177 1958 3242 etfama
1989 3176 2156 3242 cele-

321 3276 541 3344 bratos
559 3279 911 3362 noscendi3
947 3280 1316 3365 pariterque
1341 3279 1703 3365 provincias
1725 3279 1996 3346 internis
2017 3300 2152 3345 cer·
2173 3308 2198 3346 ε

252 3376 255 3379 ’
322 3382 671 3450 taminibus
690 3388 804 3449 aut
813 3382 1304 3468 magistratuum
1315 3383 1562 3448 iniuriis
1579 3383 1780 3449 fessas
1799 3383 2152 3451 refovebat.
