2467 3900
417 275 528 331 130
954 257 961 265 ”
1078 278 1354 317 CORNELII
1381 279 1576 318 'mern

411 437 803 518 tribuerunt,
851 441 963 499 aut
1005 436 1157 518 hos,
1206 457 1350 500 cum
1396 436 1525 499 iam
1569 437 1728 500 nihil
1772 438 2094 522 reliquum
2140 449 2247 502 est

416 541 589 627 quod
637 541 915 626 cupiant.

544 647 647 708 31.
709 644 1009 729 Sequitur
1053 644 1271 708 Tiberi
1318 650 1613 730 quartuS,
1672 645 1869 709 Drusi
1915 645 2242 710 secundus

416 748 817 825 consulatus,
891 749 1091 833 patris
1163 753 1357 833 atque
1418 749 1532 811 filii
1609 750 1885 835 collegio
1951 750 2243 836 insignis.

414 852 564 917 anni
608 851 921 937 principio
953 851 1249 914 Tiberius
1283 852 1461 936 quasi
1498 851 1850 918 firmandae
1883 852 2244 917 veletudini

412 958 479 1020 in
526 957 944 1042 Campaniam
1007 957 1357 1037 concessit,
1421 957 1684 1040 longam
1743 962 1808 1020 et
1869 956 2240 1022 continuam

371 1079 396 1116 5
415 1060 767 1125 absentiam
804 1061 1115 1145 paulatim
1139 1052 1484 1142 'meditana
1533 1061 1667 1125 sive
1699 1066 1773 1125 ut
1803 1067 2020 1127 amoto
2053 1068 2241 1147 patre

414 1165 662 1230 Drusus
707 1166 927 1230 munia
963 1165 1332 1230 consulatus
1364 1165 1537 1228 solus
1567 1165 1890 1249 impleret.
1965 1187 2040 1230 ac
2068 1165 2243 1229 forte

414 1289 615 1353 parva
657 1290 761 1334 res
804 1289 1114 1351 magnum
1159 1269 1243 1332 ad
1291 1275 1620 1334 certamen
1663 1291 2007 1355 progressa
2051 1290 2241 1355 prae-

415 1372 553 1435 buit
593 1373 810 1436 iuveni
853 1373 1191 1436 materiem
1225 1373 1557 1458 apiscendi
1588 1373 1848 1438 favoris.
1909 1373 2242 1438 Domitius

418 1476 701 1541 Corbulo
733 1483 1036 1561 praetura
1064 1476 1320 1540 functus
1355 1475 1434 1541 de
1458 1476 1533 1542 L.
1557 1476 1734 1541 Sulla
1766 1477 1968 1542 nobili
2003 1478 2239 1542 iuvene

348 1605 398 1644 10
418 1586 681 1666 questus
728 1586 826 1643 est
870 1579 1043 1663 apud
1089 1585 1408 1663 senatum,
1454 1582 1630 1665 quod
1675 1582 1796 1645 sibi
1840 1583 2008 1646 inter
2056 1603 2240 1666 spec-

416 1684 628 1748 tacula
689 1683 1121 1767 gladiatorum
1186 1686 1334 1750 loco
1398 1706 1529 1750 non
1611 1685 2016 1750 decessisset.
2118 1705 2238 1771 pro

419 1788 790 1854 Corbulone
837 1795 1044 1874 aetas,
1109 1791 1358 1876 patrius
1403 1812 1569 1873 mosi,
1616 1789 1831 1854 studia
1878 1791 2239 1854 seniorum:

418 1899 641 1959 contra
676 1895 1039 1961 Mamercus
1078 1895 1356 1960 Scaurus
1405 1900 1469 1960 et
1503 1894 1579 1959 L.
1609 1895 1958 1960 Arruntius
2004 1894 2241 1980 aliique

333 2066 339 2070 .
418 2001 633 2065 Sullae
691 2000 1037 2085 propinqui
1093 2000 1481 2064 nitebantur.
1577 2000 2035 2084 certabantque
2097 2019 2240 2062 ora-

347 2125 397 2165 15
416 2104 699 2170 tionibus
746 2110 812 2168 et
856 2104 1382 2168 memorabantur
1415 2106 1720 2189 exempla
1748 2104 2084 2186 maiorum,
2134 2104 2244 2187 qui

414 2208 766 2273 iuventutis
822 2208 1323 2272 inreverentiam
1380 2209 1684 2292 gravibus
1735 2209 2008 2273 decretis
2053 2216 2240 2272 nota-

416 2313 688 2395 vissent,
754 2312 961 2377 donec
1003 2312 1256 2376 Drusus
1315 2319 1466 2397 apta
1527 2314 1965 2399 temperandis
2009 2314 2240 2377 animis

420 2418 747 2499 disseruit3
788 2424 854 2483 et
876 2417 1274 2483 satisfactum
1295 2418 1651 2484 Corbuloni
1682 2439 1800 2504 per
1821 2420 2240 2501 Mamercum,

420 2524 526 2608 qui
572 2529 838 2608 patruus
885 2524 1075 2587 simul
1120 2545 1195 2588 ac
1240 2524 1502 2588 vitricus
1536 2522 1753 2588 Sullae
1801 2529 1866 2588 et
1913 2529 2242 2586 oratorum

350 2651 401 2690 20
420 2648 498 2691 ea
540 2632 751 2692 aetate
797 2628 1179 2692 uberrimus.
1253 2614 1426 2691 idem
1477 2626 1758 2692 Corbulo
1807 2628 2082 2713 plurima
2127 2648 2243 2712 per

418 2731 673 2795 Italiam
730 2732 963 2797 itinera
1018 2730 1246 2796 fraude
1291 2732 1659 2816 mancipum
1707 2737 1772 2796 et
1817 2732 2061 2795 incuria
2106 2752 2240 2795 ma-

418 2835 798 2921 gistratuum
844 2836 1205 2920 interrupta
1253 2840 1317 2899 et
1361 2834 1650 2918 inpervia
1687 2820 2076 2900 clamitando
2125 2855 2240 2899 ex-

418 2941 817 3005 secutionem
876 2939 1122 3023 negotii
1178 2939 1389 3003 libens
1449 2940 1762 3025 suscepit3
1831 2940 2004 3026 quod
2069 2940 2243 3005 haud

420 3044 688 3130 perinde
752 3043 1007 3129 publice
1073 3042 1217 3107 usui
1283 3042 1574 3107 habitum
1640 3065 1829 3128 quam
1894 3044 2240 3108 exitiosum

350 3171 404 3211 π
420 3150 657 3231 multiS,
706 3169 980 3234 quorum
1009 3148 1075 3211 in
1104 3148 1447 3233 pecuniam
1478 3153 1671 3233 atque
1709 3147 1943 3213 famam
1979 3147 2238 3213 damna-

419 3256 702 3321 tionibus
748 3261 815 3319 et
858 3257 1044 3319 hasta
1088 3253 1438 3317 saeviebat.

551 3362 656 3423 32.
718 3358 949 3443 Neque
996 3358 1199 3422 multo
1231 3363 1398 3441 ¹post
1437 3358 1647 3422 missis
1692 3358 1774 3422 ad
1813 3365 2107 3422 senatum
2137 3356 2239 3420 lit-

422 3465 577 3528 teris
651 3464 949 3529 Tiberius
1015 3471 1262 3528 motam
1322 3484 1577 3526 rursum
1636 3462 1923 3527 Africam
1984 3463 2241 3526 incursu
