2467 3900
361 163 477 219 218
1022 164 1301 205 CORNELII
1326 162 1522 204 rAcrrI

491 322 610 406 VI,
661 322 718 386 1.
786 321 902 387 On.
936 322 1259 387 Domitius
1292 326 1357 385 et
1392 319 1699 384 Camillus
1730 318 2198 383 Scribonianus

362 426 769 492 consulatum
791 425 1086 506 inierant,
1113 445 1259 488 cum
1284 423 1521 488 Caesar
1543 423 1837 487 tramisso
1862 421 2041 506 quod
2063 421 2195 486 Oa-

359 551 550 616 preas
579 535 646 594 et
665 527 1046 594 Surrentum
1065 527 1354 592 interluit
1376 525 1540 590 freto
1564 525 1979 610 Campaniam
2001 545 2195 610 prae-

352 628 652 721 legebat,
718 632 1056 716 ambiguus
1107 652 1190 695 an
1233 630 1464 693 urbem
1507 629 1779 694 intraret
1824 650 1977 712 seu,
2040 629 2199 714 quia

318 763 342 800 ⁶
363 743 587 803 contra
619 735 1072 816 destinaverat,
1121 735 1407 819 speciem
1436 734 1693 799 venturi
1724 733 2045 800 simulans.
2126 739 2200 798 et

361 862 558 926 saepe
603 840 670 903 in
699 839 1061 925 propinqua
1095 839 1439 924 degressus
1470 837 1661 902 aditis
1692 837 1877 901 iuxta
1905 836 2197 901 Tiberim

363 945 566 1009 hortis
613 965 770 1008 saxa
812 964 1065 1008 rursum
1109 949 1176 1007 et
1220 943 1637 1008 solitudinem
1672 942 1865 1007 maris
1909 941 2194 1027 repetiit.

492 1051 552 1113 2.
607 1048 709 1111 At
740 1047 990 1112 Romae
1035 1046 1351 1131 principio
1392 1049 1544 1112 anni
1589 1048 1776 1131 quas-i
1816 1067 2045 1111 recens
2079 1065 2194 1111 co-

360 1153 557 1237 gnitis
587 1152 810 1218 Liviae
855 1150 1113 1236 flagitiis
1159 1172 1234 1215 ac
1265 1171 1398 1216 non
1428 1150 1683 1235 pridem
1714 1150 1913 1215 etiam
1946 1149 2193 1234 punitis

363 1261 616 1321 atroces
661 1255 1021 1320 sententiae
1077 1241 1457 1319 dicebantur
1512 1256 1580 1320 in
1639 1254 1885 1338 effigies
1931 1273 2193 1340 quoque

363 1383 438 1426 ac
482 1360 891 1442 memoriam,
953 1367 1017 1424 et
1075 1359 1245 1424 bona
1291 1357 1509 1423 Seiani
1566 1359 1781 1423 ablata
1824 1359 2071 1422 aerario
2120 1365 2197 1422 ut

319 1466 429 1530 sin
456 1467 679 1530 fiscum
715 1469 1122 1548 cogerentur.
1175 1462 1304 1526 iam
1338 1461 1673 1546 Scipiones
1699 1461 1861 1527 haec
1892 1469 1959 1527 et
1990 1462 2196 1527 Silani

364 1574 430 1632 et
464 1567 668 1632 Cassii
707 1567 918 1632 isdem
961 1566 1164 1632 ferme
1209 1572 1321 1634 aut
1366 1567 1627 1652 paulum
1670 1567 2000 1633 inmutatis
2043 1589 2192 1633 ver-

361 1671 460 1736 bis
519 1670 1009 1736 adseveratione
1055 1671 1257 1736 multa
1303 1672 1681 1754 censebant,
1730 1693 1879 1736 cum
1921 1678 2193 1758 repente

362 1773 693 1858 Togonius
733 1766 978 1857 Gallus,
1025 1775 1178 1840 dum
1223 1775 1696 1860 ignobilitatem
1728 1795 1911 1840 suam
1940 1776 2193 1860 magnis

360 1877 724 1942 nominibus
769 1878 1012 1961 inserit,
1060 1897 1177 1962 per
1223 1867 1654 1942 deridiculum
1696 1877 1973 1942 auditur.
2040 1899 2193 1943 nam

291 1982 716 2069 1oprincipem
763 1983 989 2048 orabat
1027 1983 1317 2068 deligere
1365 1988 1727 2065 senatores,
1778 2004 1863 2047 ex
1908 1984 2047 2068 quis
2092 1983 2189 2047 vi-

361 2088 522 2171 ginti
555 2095 732 2153 sorte
764 2088 944 2151 ducti
977 2092 1041 2151 et
1070 2088 1244 2151 ferro
1278 2088 1565 2170 accincti,
1614 2088 1916 2171 quotiens
1950 2087 2192 2152 curiam

359 2190 604 2274 inisset,
653 2190 926 2255 salutem
969 2191 1111 2253 eius
1161 2189 1607 2256 defenderent.
1684 2190 2051 2278 crediderat
2095 2192 2196 2256 ni-

361 2296 590 2360 mirum
649 2288 965 2380 epistulae
1019 2294 1308 2359 subsidio
1360 2295 1632 2360 alterum
1692 2316 1776 2359 ex
1822 2294 2193 2359 consulibus

361 2398 720 2482 poscentis,
797 2402 868 2461 ut
940 2403 1117 2462 tutus
1183 2420 1222 2461 a
1286 2382 1555 2482 Capreis
1618 2399 1845 2463 urbem
1914 2405 2221 2483 peteret„

291 2528 342 2567 15
361 2502 654 2566 Tiberius
699 2509 935 2587 tamen,
981 2502 1260 2568 ludibria
1298 2503 1481 2567 seriis
1520 2502 1911 2588 permiscere
1944 2503 2193 2586 solituS,

363 2606 497 2690 egit
531 2605 728 2690 gratis
770 2607 1265 2672 benevolentiae
1302 2611 1589 2691 patrum:
1634 2605 1751 2670 sed
1782 2627 1945 2691 quos
1983 2608 2195 2672 omitti

362 2729 574 2794 posse,
616 2730 778 2794 quos
817 2710 1061 2795 deligi?
1119 2730 1463 2794 semperne
1500 2708 1769 2774 eosdem
1801 2730 1882 2773 an
1916 2710 2191 2776 subinde

361 2813 568 2876 alios?
635 2819 717 2877 et.
745 2814 1103 2881 honoribus
1154 2814 1527 2898 perfunctos
1573 2834 1654 2877 an
1702 2814 2000 2897 iuvenes,
2058 2816 2194 2901 pri-

359 2921 545 2981 vatos
587 2937 670 2981 an
715 2938 751 2981 e
797 2917 1320 3001 magistratibus?
1380 2938 1573 3001 quam
1620 2917 1855 2981 deinde
1903 2919 2195 3003 speciem

291 3052 344 3092 20
359 3020 498 3083 fore
537 3022 928 3085 sumentium
973 3021 1040 3087 in
1086 3022 1307 3086 limine
1354 3023 1566 3087 curiae
1614 3022 1917 3106 gladios?
1976 3045 2191 3109 neque

360 3124 557 3188 vitam
612 3124 808 3207 tanti,
868 3126 922 3187 si
987 3128 1179 3189 armis
1235 3126 1523 3212 tegenda
1576 3126 1765 3191 foret.
1854 3128 2017 3192 haec
2076 3130 2193 3193 ad-

359 3246 584 3290 versus
615 3225 976 3312 Togonium
1007 3230 1221 3293 verbis
1268 3230 1630 3315 moderans,
1679 3252 1762 3296 ne
1809 3252 1973 3316 quae
2018 3232 2195 3298 ultra

363 3329 780 3394 abolitionem
827 3333 1186 3397 sententiae
1235 3334 1559 3399 suaderet.
