2467 3900
691 259 766 298 AB
787 257 1045 312 AEXCESSU
1072 257 1201 296 DIVI
1227 256 1483 297 AUGUSTI
1510 257 1572 296 IV
1599 256 1769 295 51—54.
2016 249 2126 305 197

308 416 620 502 dempsit,
692 416 846 480 dum
904 416 1074 480 fessa
1135 422 1354 504 mente
1420 413 1659 478 retinet
1726 412 1965 477 silentii
2029 414 2126 477 in-

305 522 704 608 patientiam.

437 628 542 691 53.
605 624 697 690 At
724 625 1088 710 Agrippina
1132 623 1441 707 pervicax
1467 624 1603 687 irae
1636 627 1704 687 et
1732 623 1961 687 morbo
1994 642 2135 686 661-

306 731 482 816 poris
524 730 852 814 inplicata,
899 749 1044 792 611111
1089 727 1329 790 viseret
1376 745 1515 790 eam
1556 726 1815 808 Caesar,
1862 725 2139 810 profusis

311 834 422 899 diu
477 857 554 899 ae
611 854 730 920 per
775 832 1102 897 silentium
1144 831 1457 914 lacrimis,
1517 851 1674 894 mox
1719 830 2027 895 invidiam
2073 834 2139 894 et

308 959 536 1024 preces
584 937 863 1001 orditur:
911 935 1285 1000 subveniret
1330 934 1679 1018 solitudini,
1730 935 1912 1000 daret
1948 935 2137 998 mari-

307 1048 474 1124 tum3
514 1041 800 1106 habilem
830 1038 1042 1103 adhue
1070 1039 1400 1104 iuventam
1428 1059 1640 1124 neque
1673 1037 1852 1102 aliud
1879 1059 2139 1123 prorsus
2158 1059 2182 1095 5

309 1167 503 1231 quam
549 1166 635 1208 ex
678 1144 1090 1208 matrimonio
1139 1142 1505 1224 solacium3-
1537 1142 1927 1206 ineolumem
1976 1141 2142 1205 Ger-

311 1250 545 1336 manici
601 1249 940 1334 coniugem
999 1269 1074 1311 ae
1124 1247 1365 1311 liberos
1409 1246 1700 1330 recipere
1749 1245 2141 1329 dignaretur.

311 1354 430 1418 sed
463 1352 705 1417 Caesar
745 1373 877 1416 non
922 1351 1181 1436 ignarus
1227 1357 1538 1435 quantum
1577 1355 2013 1435 expeteretur,
2058 1369 2141 1412 ne

311 1463 530 1522 tamen
578 1457 961 1530 offensionis,
982 1463 1093 1521 aut
1122 1462 1333 1521 metus
1364 1456 1739 1521 manifestus
1770 1454 1959 1535 foret,
2004 1455 2141 1519 sine

312 1581 622 1646 responso
684 1582 1070 1646 quamquam
1117 1564 1466 1626 instantem
1509 1562 1791 1646 reliquit.
1879 1560 1949 1625 id
1996 1581 2142 1644 ego,
2166 1573 2213 1612 10

314 1686 353 1729 a
398 1664 814 1749 scriptoribus
857 1666 1184 1736 annalium
1229 1687 1361 1730 non
1405 1666 1733 1749 traditum,
1777 1666 2040 1751 repperi
2074 1666 2142 1730 in

315 1771 792 1835 commentariis
815 1768 1218 1855 Agrippinae
1244 1770 1437 1854 filiae,
1466 1791 1630 1855 quae
1656 1771 1936 1834 Neronis
1966 1765 2140 1854 prifl-

315 1875 476 1960 eipis
519 1880 728 1939 mater
770 1874 968 1939 vitam
1015 1895 1196 1938 suam
1244 1879 1313 1938 et
1358 1894 1539 1938 casus
1570 1895 1833 1938 suorum
1863 1874 2141 1960 posteris

313 1980 721 2044 memoravit.

446 2084 550 2147 54.
623 2083 929 2148 Ceterum
974 2083 1247 2147 Seianus
1306 2089 1702 2149 maerentem
1758 2090 1823 2147 et
1864 2082 2149 2166 inprovi-

317 2186 466 2250 dam
537 2186 730 2251 altius
798 2187 1076 2272 perculit
1143 2188 1444 2251 immissis
1510 2189 1622 2272 qui
1684 2208 1803 2273 per
1866 2188 2153 2272 speeiem

320 2290 640 2354 amicitiae
676 2296 1019 2355 monerent
1047 2297 1342 2375 paratum
1375 2292 1433 2355 ei
1464 2311 1807 2374 venenum,
1854 2290 2151 2355 vitandas

319 2393 526 2457 soceri
593 2395 837 2478 epulas.
928 2400 1122 2478 atque
1188 2395 1300 2459 illa
1364 2396 1845 2460 simulationum
1910 2397 2149 2477 nescia,

321 2517 466 2561 eum
512 2504 779 2583 propter
823 2495 1279 2581 discumberet,
1323 2522 1453 2565 non
1498 2502 1681 2565 vultu
1712 2506 1823 2564 aut
1853 2516 2193 2566 sermone5

317 2600 522 2683 fleeti,
583 2602 795 2667 nullos
841 2604 1160 2687 attingere
1207 2605 1385 2668 eibos
1404 2655 1421 2688 ,
1470 2604 1677 2670 donee
1722 2606 2000 2671 advertit
2045 2606 2153 2669 Τ1-

319 2704 557 2786 berius,
583 2705 750 2771 forte
772 2728 853 2771 an
872 2708 1024 2791 quia
1045 2707 1409 2791 audiverat3
1436 2709 1631 2793 idque
1652 2732 1779 2795 quo
1802 2711 2023 2775 aerius·
2036 2732 2150 2775 ex-

319 2809 660 2894 periretur,
708 2832 921 2895 poma,
966 2818 1039 2877 ut
1071 2819 1257 2877 erant
1298 2814 1617 2899 adposita,
1662 2816 1933 2880 laudans
1963 2816 2154 2879 nurui

321 2934 438 2977 sua
482 2934 678 2978 manu
721 2913 1008 2979 tradidit.
1095 2923 1283 2981 aucta
1328 2940 1413 2983 ex
1458 2938 1537 2982 eo
1586 2920 1865 3004 suspicio
1913 2918 2151 3003 Agrip-

321 3020 512 3103 pinae
559 3024 626 3083 et
668 3018 910 3083 intaeta
967 3040 1076 3083 ore
1136 3021 1338 3085 servis
1382 3022 1675 3087 tramisit.
1766 3043 1888 3087 1166
1935 3027 2155 3086 tamen
2172 3044 2223 3082 10

320 3122 564 3188 Tiberii
593 3144 726 3188 vox
750 3144 967 3188 eoram
999 3130 1241 3209 secuta,
1273 3124 1390 3190 sed
1424 3127 1735 3191 obversus
1767 3126 1850 3190 ad
1880 3130 2154 3189 matrem

322 3248 455 3291 non
502 3228 736 3291 mirum
777 3228 886 3308 ait,
933 3228 1143 3311 siquid
1185 3230 1476 3294 severius
1511 3230 1581 3295 in
1612 3251 1757 3294 eam
1804 3230 2151 3313 statuisset,

325 3353 363 3395 a
407 3352 534 3415 qua
576 3332 869 3397 veneficii
914 3332 1413 3398 insimularetur.
1488 3332 1639 3396 inde
1679 3352 1899 3396 rumor
1941 3334 2153 3417 parari

326 3435 596 3501 exitium
653 3456 863 3520 neque
923 3437 1136 3521 palam
1195 3436 1469 3501 audere:
1530 3440 1851 3499 secretum
1910 3436 2151 3520 quaeri.
