2467 3900
690 243 764 282 AB
791 243 1042 283 EXOESSU
1067 244 1196 283 DI-VI
1221 245 1479 284 AUGUSTI
1505 246 1569 284 VI
1595 245 1763 287 12—16.
2040 245 2154 301 227

335 404 659 467 diversum
720 401 996 466 tendens
1059 402 1200 486 ipse
1273 403 1591 468 cervicem
1652 403 1984 490 perfregit.
2088 415 2155 472 at

332 507 580 572 Rubrio
613 507 886 590 Fabato,
930 511 1257 591 tamquam
1290 506 1650 592 desperatis
1686 509 1881 572 rebus
1910 507 2152 574 Roma-

330 613 430 676 nis
453 613 840 676 Parthorum
869 610 954 674 ad
987 603 1495 677 misericordiam
1525 612 1801 696 fugeret,
1848 614 2153 678 custodes

329 714 551 779 additi.
609 720 906 800 repertus
953 715 1126 798 apud
1155 715 1391 779 fretum
1423 715 1677 780 Siciliae
1708 723 2150 803 retractusque

328 840 446 903 per
491 818 932 883 centurionem
975 819 1183 882 nullas
1229 819 1601 903 probabiles
1639 842 1861 886 causas
1892 823 2148 908 longin-
2164 846 2220 886 10

329 943 493 1007 quae
538 923 1077 1008 peregrinationis
1123 921 1493 989 adferebat:
1543 925 1775 989 mansit
1804 933 2025 992 tamen
2049 927 2147 991 in-

329 1027 616 1108 columis,
664 1026 987 1092 oblivione
1034 1029 1241 1110 magis
1286 1048 1477 1112 quam
1522 1028 1882 1094 clementia.

465 1133 562 1194 15.
628 1131 766 1195 Ser.
802 1131 1010 1197 Galba
1036 1131 1110 1195 L.
1160 1131 1341 1196 Sulla
1381 1133 1750 1198 consulibus
1799 1133 1909 1198 diu
1954 1154 2147 1217 quae-

327 1235 448 1298 sito
479 1256 638 1320 quos
669 1235 968 1320 neptibus
999 1236 1266 1299 maritos
1298 1236 1648 1300 destinaret
1681 1236 1935 1318 Caesar,
1968 1243 2147 1322 post·

329 1361 522 1424 quam
567 1339 846 1406 instabat
904 1339 1223 1424 virginum
1284 1346 1493 1421 aetas,
1547 1340 1623 1405 L.
1674 1340 1996 1420 Cassium,
2054 1340 2145 1407 Μ.

326 1442 651 1509 Vinicium
695 1444 875 1529 legit.
972 1442 1232 1507 Vinicio
1284 1443 1677 1529 oppidanum
1721 1467 1959 1531 genus:
2022 1445 2144 1511 Oa-

325 1547 493 1612 libus
541 1555 716 1612 ortus
761 1554 945 1633 patre
989 1555 1184 1631 atque
1230 1569 1347 1612 avo
1398 1548 1871 1632 consularibus,
1930 1555 2188 1614 cetera⁵

327 1652 609 1736 equestri
671 1652 936 1732 familia,
999 1652 1172 1716 mitis
1240 1653 1501 1735 ingenio
1568 1661 1635 1718 et
1696 1661 1991 1737 comptae
2048 1654 2142 1718 fa-

327 1755 619 1822 cundiae.
711 1756 968 1820 Cassius
1011 1757 1253 1842 plebeii
1298 1757 1585 1840 generiS,
1630 1778 1854 1823 verum
1900 1758 2144 1842 antiqui

325 1862 782 1946 honoratique,
862 1867 926 1924 et
993 1881 1220 1926 severa
1283 1861 1481 1944 patris
1546 1860 1882 1945 disciplina
1945 1861 2140 1925 educ-

323 1975 428 2032 tus
502 1967 806 2031 facilitate
892 1986 1084 2050 quam
1161 1965 1476 2029 industria
1552 1963 2143 2029 commendabatur.

323 2071 471 2135 huic
499 2070 871 2151 Drusillam,
916 2069 1172 2135 Vinicio
1204 2068 1439 2135 Iuliam
1476 2069 1859 2134 Germanico
1894 2071 2145 2155 genitas
2161 2097 2212 2136 ιο

325 2174 655 2257 coniungit
699 2192 1020 2257 superque
1054 2193 1133 2237 ea
1175 2194 1246 2237 re
1294 2174 1544 2238 senatui
1576 2174 1797 2238 scribit
1825 2175 1952 2240 levi
1999 2196 2143 2239 cum

324 2278 570 2344 honore
614 2279 941 2342 iuvenum.
1036 2276 1187 2340 dein
1225 2276 1516 2341 redditis
1561 2276 1891 2342 absentiae
1938 2280 2145 2342 causis

323 2383 670 2447 admodum
715 2381 896 2469 vagis
939 2382 1121 2445 flexit
1166 2381 1253 2444 ad
1296 2383 1599 2466 graviora
1640 2388 1706 2446 et
1753 2382 2143 2447 offensiones

323 2487 406 2551 ob
437 2507 575 2550 rem
616 2486 938 2570 publicam
971 2490 1268 2569 acceptas
1296 2491 1497 2569 utque
1528 2486 1747 2552 Macro
1781 2487 2142 2572 praefectus

321 2592 847 2674 tribunorumque
910 2596 975 2655 et
1037 2590 1487 2654 centurionum
1540 2591 1728 2673 pauci
1782 2610 1999 2655 secum
2042 2591 2140 2654 in·
2155 2617 2209 2656 15

319 2696 625 2778 troirent,
689 2694 986 2779 quotiens
1046 2693 1289 2758 curiam
1347 2693 1833 2776 ingrederetur,
1890 2694 2138 2779 petivit.

317 2797 614 2883 factoque
659 2798 840 2881 large
888 2802 954 2861 et
997 2798 1135 2861 sine
1173 2797 1681 2882 praescriptione
1726 2799 1983 2882 generis
2030 2804 2140 2862 aut

317 2903 570 2967 numeri
630 2908 888 2966 senatus
949 2902 1243 2968 consulto
1288 2922 1374 2965 ne
1418 2906 1594 2965 tecta
1636 2901 1898 2985 quidem
1942 2902 2137 2985 urbis,

318 3005 483 3070 adeo
530 3006 856 3090 publicum
902 3005 1237 3070 consilium
1282 3026 1629 3089 numquam
1674 3006 1865 3089 adiit,
1930 3006 2137 3071 deviis

317 3109 694 3193 plerumque
725 3108 1060 3174 itineribus
1091 3109 1381 3174 ambiens
1408 3109 1680 3194 patriam
1705 3115 1770 3175 et
1790 3109 2135 3173 declinans.
2155 3141 2205 3181 20

451 3215 550 3280 16.
613 3212 876 3279 Interea
933 3234 1168 3298 magna
1229 3214 1326 3277 vis
1390 3219 1831 3278 accusatorum
1891 3214 1958 3276 in
2021 3233 2135 3278 eos

315 3316 575 3402 inrupit,
609 3317 716 3401 qui
744 3318 1050 3401 pecunias
1078 3317 1343 3381 faenore
1368 3317 1762 3382 auctitabant
1793 3316 2137 3382 adversum

315 3420 529 3505 legem
573 3421 905 3486 dictatoris
940 3421 1251 3504 CaesariS,
1300 3442 1427 3505 qua
1472 3421 1554 3485 de
1589 3420 1783 3487 modo
1825 3421 2135 3487 credendi
