2467 3900
690 248 765 286 AB
792 246 1046 286 EXCESSU
1070 246 1202 286 DIVI
1227 245 1482 286 AUGUSTI
1507 246 1570 285 IV
1598 246 1714 285 1-4.
1996 242 2102 298 161

280 408 345 473 vi
376 413 475 472 tot
507 407 829 493 corripere
859 409 1157 488 intutum,
1204 408 1396 472 dolus
1426 406 1759 472 intervalla
1789 405 2105 472 scelerum
2153 441 2157 446 ·

279 513 609 596 poscebat.
682 513 924 596 placuit
966 518 1183 578 tamen
1230 513 1542 578 occultior
1585 512 1690 576 via
1725 518 1792 576 et
1822 533 1860 576 a
1887 510 2103 575 Druso

280 617 571 700 incipere
591 665 607 697 ,
674 616 743 681 in
808 636 999 700 quem
1064 616 1310 680 recenti
1369 616 1466 680 ira
1526 615 1868 684 ferebatur.
1957 637 2105 680 nam
2126 633 2151 670 6

281 721 532 785 Drusus
578 722 899 806 inpatiens
938 722 1175 791 aemuli
1206 727 1274 786 et
1303 721 1516 788 animo
1552 721 1932 786 commotior
1965 725 2105 784 orto

278 827 445 892 forte
504 826 713 910 iurgio
773 825 1141 891 intenderat
1198 824 1434 890 Seiano
1491 845 1718 888 manus
1775 831 1841 888 et
1887 830 2108 888 contra

278 930 601 996 tendentis
666 951 737 994 os
800 929 1272 996 verberaverat.
1361 931 1560 1014 igitur
1617 935 1846 994 cuncta
1891 938 2108 1014 ⁴temp-

277 1036 440 1098 tanti
498 1034 1047 1119 promptissimum
1106 1034 1315 1097 visum
1369 1033 1452 1098 ad
1495 1054 1770 1098 uxorem
1817 1033 1952 1096 eius
1995 1033 2104 1097 Li-

256 1141 453 1221 ·viam
498 1145 908 1220 convertere,
969 1158 1135 1222 quae
1180 1157 1366 1202 soror
1411 1137 1810 1218 Germanici,
1860 1138 2104 1204 formae
2125 1159 2176 1198 ιο

278 1244 459 1308 initio
507 1242 737 1308 aetatis
782 1241 1149 1324 indecorae,
1194 1261 1352 1304 mox
1398 1240 1873 1326 pulchritudine
1918 1263 2103 1327 prae-

280 1349 579 1413 cellebat.
682 1348 849 1412 hanc
918 1346 1029 1418 ad,
1069 1347 1350 1431 coniugii
1423 1367 1640 1430 spem,
1715 1347 2104 1412 consortium

278 1453 466 1534 regni
524 1459 592 1516 et
648 1471 877 1516 necem
936 1453 1154 1520 mariti⁴
1198 1452 1472 1536 impulit.
1561 1457 1754 1537 atque
1800 1453 1943 1535 illa,
2003 1455 2108 1517 cui

280 1558 632 1622 avunculus
689 1557 1055 1640 Augustus,
1116 1577 1303 1621 socer
1360 1556 1686 1636 Tiberius,
1747 1577 1832 1620 ex
1887 1556 2103 1622 Druso

278 1661 501 1743 liberi,
560 1681 759 1745 seque
820 1683 895 1726 ac
932 1663 1229 1727 ‘maiores
1286 1666 1352 1724 et
1396 1666 1690 1744 posteros
1733 1661 2106 1747 municipali
2124 1677 2174 1716 15

277 1765 573 1830 adultero
620 1765 874 1847 foedat,
932 1772 1005 1830 ut
1049 1788 1166 1851 pro
1214 1767 1508 1831 honestis
1553 1775 1618 1833 et
1659 1768 2106 1850 praesentibus

276 1869 597 1954 flagitiosa
643 1875 708 1934 et
750 1869 995 1934 incerta
1041 1876 1470 1956 exspectaret.
1543 1873 1814 1939 sumitur
1856 1873 1924 1936 in
1954 1892 2104 1939 con-

278 1976 611 2041 scientiam
671 1974 1034 2055 Eudemus,
1094 1976 1336 2040 amicus
1394 1996 1468 2038 ac
1523 1974 1812 2040 medicus
1857 1976 2102 2056 Liviae,

276 2080 495 2164 specie
541 2080 695 2143 artis
739 2079 1043 2163 frequens
1088 2080 1373 2145 secretis.
1452 2071 1636 2164 pellit
1682 2078 1878 2143 domo
1925 2080 2102 2143 Seia-

276 2205 397 2248 nus
456 2203 733 2247 uxorem
777 2181 1151 2267 Apicatam,
1208 2203 1296 2247 ex
1355 2204 1480 2267 qua
1531 2188 1667 2252 tres
1709 2182 1948 2247 liberos
1992 2203 2175 2266 ge-20

276 2292 526 2369 nuerat,
574 2308 655 2351 ne
700 2288 934 2370 paelici
979 2293 1508 2371 suspectaretur.v
1565 2288 1681 2351 sed
1725 2286 2102 2371 magnitudo

277 2390 579 2455 facinoris
636 2397 915 2473 metum,
979 2390 1404 2475 prolationes,
1468 2392 1724 2457 diversa
1779 2391 2102 2456 interdum

280 2494 548 2559 consilia
592 2492 949 2562 adfer-ebat.
1062 2560 1067 2563 ,

409 2601 469 2661 4.
534 2599 807 2664 Interim
871 2586 1021 2665 anni
1087 2600 1404 2685 principio
1471 2600 1720 2665 Drusus
1789 2620 1873 2665 ex
1939 2602 2100 2667 Ger·

276 2704 511 2769 manici
577 2703 797 2769 liberis
867 2709 1089 2788 togam
1156 2703 1409 2770 virilem
1475 2703 1746 2787 sumpsit
1811 2722 2102 2788 quaeque

200 2862 204 2866 ,
275 2808 455 2873 fratri
484 2807 733 2872 Neroni
780 2804 1153 2871 decreverat
1198 2812 1456 2879 senatus
1486 2808 1781 2891 repetita.
1855 2807 2106 2871 addidit

278 2912 635 2978 orationem
697 2910 935 2975 Caesar
997 2912 1199 2976 multa
1263 2932 1408 2978 cum
1469 2909 1663 2981 laude
1721 2911 1866 2993 filii,
1931 2910 2103 2996 quod

275 3016 485 3100 patria
528 3013 983 3089 benevolentia
1027 3015 1090 3077 in
1135 3014 1346 3079 fratris
1391 3014 1652 3079 liberos.-
1739 3036 1908 3085 nam¹
1932 3015 2148 3079 Dru-5

276 3140 405 3201 sus,
454 3139 839 3203 quamquam
886 3116 1159 3181 arduum
1202 3117 1455 3183 eodem.
1481 3118 1609 3182 loci
1652 3119 2006 3204 potentiam
2041 3125 2106 3183 et

277 3223 690 3297 concordiam
736 3242 897 3304 esse,
944 3241 1185 3307 aequus
1230 3220 1748 3288 adulescentibus
1786 3230 1896 3287 aut
1927 3228 2102 3287 certe

278 3346 407 3392 non
472 3326 779 3392 adversus
840 3326 1218 3402 habebatur.
1311 3328 1484 3391 exim
1541 3334 1729 3391 vetus
1787 3332 1854 3391 et
1908 3347 2104 3413 saepe

276 3429 645 3495 simulatum
705 3430 1155 3515 proficiscendi
1216 3430 1285 3502 in
1345 3431 1709 3516 provincias
1741 3431 2102 3497 consilium
