2467 3900
347 145 456 201 126
1005 151 1281 191 commnn
1309 151 1504 190 'PACITI

340 310 603 392 bellum,
647 309 757 373 ubi
802 309 1169 392 instaretur,
1218 309 1454 374 cedens
1501 332 1574 375 ac
1605 332 1859 375 rursum
1887 312 1954 376 in
1984 319 2168 396 terga

343 435 661 480 remeans.
741 420 806 479 et
841 413 1007 478 -dum
1056 435 1134 479 ea
1178 414 1341 477 ratio
1388 414 1661 479 barbaro
1709 415 1858 497 fuit,
1905 415 2168 479 inritum

342 519 711 603 fessumque
743 518 1107 583 Romanum
1153 519 1417 604 impune
1463 519 1943 584 ludificabatur:
1991 528 2167 607 post-

345 643 534 707 quam
567 622 830 687 deflexit
854 622 934 686 ad
964 622 1323 687 maritimos
1353 624 1534 687 locos
1559 621 1894 707 (inligatus
1925 623 2170 708 praeda

274 743 326 782 20
344 727 590 790 stativis
623 726 845 790 castris
882 727 1330 810 adhaerebat),
1377 727 1576 791 missu
1611 728 1811 813 patris
1841 725 2168 812 Apronius

348 831 697 896 Caesianus
759 853 903 895 cum
968 833 1186 916 equite
1247 837 1314 894 et
1375 831 1746 896 cohortibus
1795 830 2168 914 auxiliariis,

345 935 483 1020 quis
527 936 968 1000 velocissimos
1014 937 1348 1020 legionum
1385 936 1744 1014 addiderat,
1790 956 2166 1020 prosperam

344 1039 687 1104 adversum
746 1039 1063 1104 Numidas
1140 1062 1429 1126 pugnam
1503 1041 1656 1104 facit
1722 1041 2034 1126 pellitque
2099 1039 2168 1104 in

345 1143 621 1207 deserta.

473 1248 577 1312 25.
641 1246 948 1312 Relatum
992 1247 1145 1312 dein
1192 1247 1273 1312 de
1318 1248 1718 1312 moderanda
1760 1249 1964 1334 Papia
1991 1249 2166 1334 Pop-

344 1350 539 1436 paea,
606 1374 797 1437 quam
858 1354 1074 1417 senior
1117 1350 1455 1437 Augustus
1518 1358 1668 1436 post
1723 1352 1924 1418 Iulias
1978 1374 2168 1436 roga-

343 1459 556 1521 tiones
632 1458 978 1522 incitandis
1042 1458 1358 1522 caelibum
1435 1457 1661 1543 poenis
1739 1464 1804 1521 et
1867 1456 2164 1540 augendo

345 1562 591 1626 aerario
642 1569 964 1626 sanxerat.
1054 1582 1203 1626 nam
1260 1561 1604 1646 multitudo
1665 1559 2167 1645 periclitantium

300 1665 693 1748 5gliscebat,
758 1687 902 1729 cum
972 1665 1178 1729 omnis
1250 1664 1480 1728 domus
1545 1665 1906 1728 delatorum
1967 1663 2165 1726 inter-

341 1771 807 1854 pretationibus
840 1770 1324 1835 subverteretur
1351 1776 1550 1855 utque
1584 1770 1858 1834 antehac
1885 1768 2164 1852 flagitiis,

341 1875 433 1937 ita
475 1881 626 1938 tunc
670 1874 924 1959 legibus
960 1874 1394 1938 laborabatur.
1477 1895 1553 1938 ea
1595 1895 1700 1938 res
1745 1872 2051 1937 admonet
2094 1879 2168 1936 ut

342 1979 422 2043 de
454 1980 783 2065 principiis
818 1980 995 2061 iuriS,
1041 1986 1105 2044 et
1133 1981 1365 2065 quibus
1394 1979 1606 2043 modis
1638 1979 1720 2044 ad
1750 1982 1917 2044 hanc
1947 1978 2165 2042 multi-

340 2084 631 2149 tudinem
662 2084 971 2148 infinitam
1004 2104 1079 2147 ac
1109 2084 1491 2148 varietatem
1519 2084 1740 2167 legum
1780 2087 2164 2168 perventum

271 2199 321 2238 1⁰
340 2188 441 2270 sit,
488 2188 677 2251 altius
725 2187 1051 2252 disseram.

469 2292 575 2355 26.
643 2292 1084 2356 Vetustissimi
1112 2293 1501 2375 mortalium,
1547 2292 1725 2356 nulla
1752 2293 1963 2356 adhuc
1994 2291 2167 2356 mala

338 2394 640 2476 libidine,
700 2395 835 2458 sine
879 2395 1131 2479 ,probro
1192 2397 1438 2461 scelere
1499 2418 1707 2481 eoque
1767 2396 1904 2461 sine
1951 2418 2167 2482 poena

341 2505 450 2562 aut
481 2498 975 2563 coercitionibus
1016 2500 1318 2582 agebant.
1394 2521 1604 2584 neque
1651 2500 1954 2584 praemiis
2003 2521 2166 2584 opus

340 2610 497 2685 erat,
544 2624 689 2667 cum
734 2605 1010 2667 honesta
1056 2609 1286 2689 suopte
1332 2604 1594 2685 ingenio
1642 2609 2048 2687 peterentur3
2100 2608 2166 2667 et

295 2725 319 2763 5
339 2707 451 2771 ubi
479 2707 639 2771 nihil
671 2713 894 2772 contra
921 2728 1170 2771 morem
1200 2713 1532 2793 cuperent,
1576 2707 1737 2770 nihil
1771 2727 1889 2790 per
1918 2711 2165 2771 metum

338 2812 739 2877 vetabantur.
834 2819 900 2876 at
944 2820 1289 2897 postquam
1335 2812 1488 2876 exui
1535 2811 1889 2895 aequalitas
1935 2816 2001 2875 et
2045 2831 2163 2894 pro

337 2915 659 2981 modestia
722 2937 795 2980 ac
857 2917 1107 3001 pudore
1178 2916 1443 2981 ambitio
1517 2922 1582 2981 et
1645 2916 1742 2980 vis
1800 2915 2163 2996 incedebat,

339 3040 699 3106 provenere
729 3015 1219 3084 ¹dominationes
1256 3022 1622 3105 multosque
1669 3020 1843 3104 apud
1885 3019 2163 3104 populos

339 3132 677 3189 aeternum
718 3144 1037 3187 mansere.
1115 3122 1374 3208 quidam
1421 3124 1637 3188 statim
1669 3131 1779 3188 aut
1821 3129 2163 3208 postquam

269 3254 321 3293 10
338 3250 566 3313 regum
611 3231 980 3313 pertaesum
1008 3227 1190 3311 leges
1222 3227 1609 3308 maluerunt,
1656 3226 1862 3310 primo
1895 3226 2162 3291 rudibus

337 3333 669 3395 hominum
701 3332 928 3396 animis
960 3331 1312 3415 simplices3
1350 3331 1760 3413 maximeque
1790 3328 1960 3392 fama
1992 3329 2158 3393 cele-
