2467 3900
681 269 757 310 AB
782 269 1035 310 Exonssu
1062 269 1191 309 mvl
1217 267 1473 310 Aneus'rr
1498 267 1570 308 111
1594 266 1763 306 αις-68.
2015 259 2130 318 153

438 432 541 494 67.
622 428 890 496 Auxere
962 449 1302 494 numerum
1369 431 1815 492 accusatorum
1880 425 2130 490 Gellius

305 533 643 598 Publicola
698 541 768 598 et
823 533 913 597 M.
959 533 1314 615 Paconius,
1376 530 1489 596 ille
1551 537 1855 616 quaestor
1907 528 2127 610 Silani,

304 637 411 701 hic
453 639 727 722 legatus.
796 659 919 702 nec
954 636 1217 702 dubium
1247 637 1608 702 habebatur
1637 635 1946 700 saevitiae
1979 655 2127 719 cap-

303 749 643 827 tarumque
710 742 1129 828 pecuniarum
1186 741 1398 806 teneri
1456 761 1674 806 reum:
1747 739 1864 804 sed
1927 738 2129 802 multa

305 846 782 929 adgerebantur
842 847 1036 910 etiam
1094 846 1456 911 insontibus
1517 837 1917 929 periculosa,
1981 864 2126 908 cum
2147 864 2173 902 5

304 970 499 1034 super
538 957 638 1015 tot
680 955 1015 1015 senatores
1062 949 1373 1034 adversos
1417 945 1886 1013 facundissimis
1929 947 2130 1010 totius

302 1051 500 1117 Asiae
548 1072 760 1137 eoque
806 1052 889 1116 ad
924 1052 1360 1117 accusandum
1395 1050 1664 1116 delectis
1700 1049 2131 1135 responderet

302 1159 483 1221 ‘solus
543 1160 620 1220 et'
668 1155 896 1222 orandi
952 1156 1238 1237 nescius,
1301 1155 1564 1240 proprio
1625 1155 1694 1220 in
1749 1161 1960 1238 metu,
2023 1153 2130 1239 qui

306 1261 660 1326 exercitam
695 1279 952 1346 quoque
982 1260 1424 1345 eloquentiam
1453 1259 1766 1341 debilitat,
1802 1280 1934 1325 non
1964 1265 2129 1324 tem-

306 1371 577 1450 perante
625 1364 884 1430 Tiberio
945 1363 1097 1450 quin
1154 1371 1484 1448 premeret
1546 1385 1708 1428 voce
1765 1365 1986 1444 vultu,
2049 1383 2128 1430 eo
2151 1387 2203 1428 ιο

308 1468 483 1553 quod
517 1461 659 1552 ipse
692 1461 1083 1534 creberrime
1117 1469 1560 1552 interrogabat
1588 1490 1802 1554 neque
1829 1469 2131 1536 refellere

306 1579 419 1638 aut
463 1572 731 1636 eludere
779 1573 1055 1638 dabatur
1098 1593 1174 1636 ac
1194 1595 1201 1602 ·
1220 1593 1420 1659 saepe
1465 1576 1660 1639 etiam
1692 1573 2132 1640 confitendum

308 1685 480 1760 erat,
524 1697 607 1742 ne
647 1677 889 1746 frustra
934 1678 1377 1762 quaesivisset.
1461 1698 1684 1743 servos
1730 1699 1986 1764 quoque
2031 1675 2128 1742 Si-

311 1781 474 1865 lani,
534 1789 607 1846 ut
648 1783 991 1846 tormentis
1040 1785 1627 1865 interrogarentur,
1693 1788 1874 1846 actor
1918 1781 2127 1865 publi-

308 1907 418 1951 cus
444 1875 771 1974 ⁴mancipio
810 1893 1171 1973 acceperat.
1239 1893 1305 1952 et
1348 1885 1576 1971 nequis
1618 1885 2130 1951 necessariorum
2152 1907 2202 1947 15

306 1990 558 2057 iuvaret
614 1993 1089 2077 periclitantem
1108 2044 1125 2076 ,
1186 1986 1540 2057 maiestatis
1587 1991 1852 2055 crimina
1896 1990 2130 2055 subde-

305 2094 559 2178 bantur,
604 2084 889 2161 vinclum
936 2104 1005 2161 et
1046 2084 1402 2162 necessitas
1447 2094 1700 2161 silendi.
1774 2096 1972 2180 igitur
2015 2115 2130 2179 pe-
2179 2131 2193 2148 .-

308 2198 427 2263 tito
473 2219 832 2282 paucorum
877 2189 1512 2266 dierum'interiectu
1550 2200 1994 2266 defensionem
2032 2199 2130 2263 sui

312 2299 598 2365 deseruit
613 2320 639 2383 ,·
690 2304 864 2365 ausis
928 2303 1011 2366 ad
1078 2303 1426 2369 Caesarem
1491 2304 1835 2387 codicillis,
1895 2303 2132 2389 quibus

197 2460 203 2465 .
309 2404 619 2469 invidiam
665 2412 731 2469 et
772 2426 1001 2490 preces
1048 2398 1416 2476 miscuerat.
1884 2448 1893 2459 ·
2097 2428 2102 2433 ’
2151 2435 2204 2475 20

441 2509 547 2571 68.
618 2507 914 2573 Tiberius
977 2530 1143 2595 quae
1202 2511 1269 2575 in
1333 2512 1620 2577 Silanum
1676 2513 1946 2597 parabat
2003 2534 2130 2598 quo

311 2606 695 2678 excusatius
748 2614 865 2679 sub
900 2606 903 2611 ’
938 2608 1243 2700 exemplo
1308 2618 1786 2702 acciperentur,
1877 2618 2133 2683 libellos

314 2715 446 2779 divi
488 2715 773 2801 Augusti
826 2718 907 2783 de
954 2718 1202 2785 Voleso
1249 2720 1552 2785 Messalla
1597 2720 1888 2787 eiusdem
1932 2721 2133 2788 ‘Asiae

308 2816 441 2905 pro⁴
486 2821 751 2886 consule
810 2822 1178 2907 factumque
1237 2824 1305 2888 in
1349 2844 1498 2889 eum
1556 2823 1814 2891 senatus
1877 2827 2136 2891 consul-

308 2930 447 2990 tum
492 2926 748 2999 recitari
792 2925 991 2991 iubet.
1082 2933 1220 2991 tum
1265 2927 1341 2992 L.
1382 2929 1687 2995 Pisonem
1746 2931 2134 2996 sententiam
2151 2955 2176 2994 σ

307 3033 519 3111 rogat.
598 3028 711 3093 ille
753 3022 1030 3094 multum
1076 3030 1161 3095 de
1206 3032 1552 3097 clementia
1590 3033 1900 3119 principis
1944 3054 2130 3119 prae-

309 3134 477 3197 fatus
522 3154 689 3217 aqua
733 3140 927 3218 atque
972 3134 1108 3218 igni
1154 3135 1374 3201 Silano
1420 3138 1933 3205 interdicendum
1983 3160 2132 3203 cen·
2191 3188 2197 3192 .

313 3239 439 3303 suit
493 3239 833 3323 ipsumque
890 3240 959 3303 in
996 3240 1294 3305 insulam
1346 3241 1634 3326 Gyarum
1692 3242 2132 3328 relegandum.

315 3342 544 3407 eadem
616 3343 849 3427 ceteri,
930 3344 1055 3408 nisi
1132 3345 1307 3429 quod-
1371 3346 1489 3411 On.
1550 3347 1868 3413 Lentulus
1945 3367 2131 3434 sepa·-

313 3446 513 3510 randa
575 3447 772 3512 Silani
846 3455 1137 3513 materna
1215 3449 1383 3515 bona
1404 3500 1420 3531 ‚
1488 3440 1733 3536 ⁶quippe
1803 3450 1958 3518 Atia
2017 3468 2132 3539 paf-
2153 3480 2204 3520 10

1706 3559 1736 3607 9
1753 3553 1822 3588 *a*
