2467 3900
376 233 449 288 62
1037 241 1314 281 CORNELII
1341 243 1535 282 TACITI

372 396 619 460 flumini
649 397 1020 482 adpositum
1055 399 1360 481 obsideri,
1408 422 1523 464 sex
1558 402 1849 486 legiones
1884 424 1963 467 eo
1999 403 2216 468 duxit.

331 522 582 586 sneque
617 502 774 567 Silio
825 504 906 567 ob
953 504 1200 568 subitos
1247 506 1487 570 imbres
1536 506 1710 570 aliud
1758 514 1972 572 actum
2010 530 2215 593 quam

371 612 442 670 ut
485 606 807 672 modicam
853 609 1159 691 praedam
1195 614 1261 673 et
1291 609 1455 695 Arpi
1488 611 1790 696 principis
1823 611 2217 676 Chattorum

373 713 717 797 coniugem
759 714 1084 798 filiamque
1116 719 1377 799 raperet
1408 736 1619 799 neque
1658 715 1918 780 Caesari
1952 718 2214 801 copiam

371 837 627 902 pugnae
677 839 1050 902 opsessores
1079 819 1297 884 fecere
1331 819 1415 884 ad
1445 821 1683 884 famam
1714 822 2030 886 adventus
2066 824 2212 886 eius

373 921 638 1007 dilapsi:
697 924 1012 988 tumulum
1070 931 1285 989 tamen
1335 945 1542 1008 nuper
1586 925 1883 989 Varianis
1928 925 2213 1010 legioni-

302 1057 352 1095 10
369 1027 489 1090 bus
536 1032 842 1090 structum
893 1033 960 1092 et
1003 1033 1293 1092 veterem
1328 1049 1504 1092 aram
1534 1029 1750 1094 Druso
1785 1031 1974 1093 sitam
2008 1029 2213 1093 disie-

373 1138 610 1195 cerant.
702 1132 981 1195 restituit
1027 1153 1200 1194 aram
1250 1133 1613 1216 honorique
1660 1133 1859 1216 patris
1902 1133 2215 1217 princeps

369 1235 507 1320 ipse
559 1258 702 1300 cum
746 1237 1112 1322 legionibus
1160 1237 1563 1318 decucurrit3
1608 1239 1924 1301 tumulum
1969 1239 2215 1303 iterare

368 1341 541 1404 haud
588 1342 817 1410 visum.
899 1347 964 1405 et
1011 1348 1240 1406 cuncta
1283 1343 1453 1406 inter
1501 1343 1831 1407 castellum
1864 1342 2211 1407 Alisonem

369 1468 445 1510 ac
507 1441 811 1511 Rhenum
886 1447 1074 1511 novis
1148 1448 1457 1512 limitibus
1525 1449 1993 1532 aggeribusque
2059 1469 2213 1533 per-

297 1577 348 1614 15
369 1551 640 1614 munita.

499 1657 559 1717 8.
623 1653 892 1738 Iamque
943 1655 1161 1718 classis
1209 1656 1593 1738 advenerat,
1659 1677 1802 1719 cum
1849 1658 2207 1742 praemisso

369 1763 733 1822 commeatu
803 1764 868 1822 et
937 1758 1295 1824 distributis
1359 1763 1426 1826 in
1492 1761 1785 1844 legiones
1849 1782 1923 1826 ac
1993 1763 2210 1827 socios

365 1862 636 1926 navibus
681 1862 952 1950 fossam,
1017 1864 1118 1928 cui
1162 1864 1521 1929 Drusianae
1567 1886 1827 1947 nomen,
1873 1868 2209 1951 ingressus

364 1974 790 2054 precatusque
832 1970 1118 2034 Drusum
1167 1975 1419 2055 patrem
1464 1976 1536 2033 ut
1582 1990 1651 2033 se
1702 1972 1930 2035 eadem
1978 1994 2209 2036 ausum

322 2073 570 2142 5libens
618 2075 1035 2158 placatusque
1087 2074 1390 2158 exemplo
1438 2095 1512 2138 ac
1558 2064 1873 2139 memoria
1906 2078 2209 2141 consilio-

361 2199 503 2242 rum
538 2183 732 2260 atque
767 2197 1034 2261 operum
1069 2178 1340 2257 iuvaret,
1384 2177 1561 2242 lacus
1587 2179 1738 2242 inde
1775 2184 1839 2242 et
1870 2179 2208 2245 Oceanum

363 2301 568 2364 usque
631 2280 713 2343 ad
772 2279 1085 2344 Amisiam
1144 2282 1388 2345 flumen
1450 2282 1735 2346 secunda
1786 2284 2205 2369 navigatione

364 2385 757 2469 pervehitur.
853 2386 1074 2449 classis
1132 2386 1361 2449 relicta
1414 2387 1603 2450 laevo
1653 2408 1839 2452 amne
1888 2394 2205 2453 erratum-

364 2510 490 2573 que
553 2490 620 2553 in
682 2509 758 2552 eo
821 2490 991 2573 quod
1056 2509 1189 2553 non
1248 2490 1551 2554 subvexit
1608 2492 1878 2556 militem
1943 2492 2205 2558 dextras

297 2593 428 2659 min
505 2598 742 2675 terras;
824 2594 915 2658 ita
981 2593 1198 2677 plures
1270 2594 1406 2658 dies
1476 2594 1831 2659 efficiendis
1898 2598 2205 2682 pontibus

363 2699 713 2784 absumpti.
807 2705 871 2763 et
930 2718 1128 2783 eques
1190 2698 1453 2783 quidem
1516 2721 1588 2763 ac
1646 2700 1941 2783 legiones
1997 2703 2205 2784 prima

363 2802 717 2882 aestuaria,
782 2802 1073 2867 nondum
1139 2803 1557 2867 adcrescente
1624 2804 1828 2885 unda,
1894 2804 2205 2890 intrepidi

329 2922 335 2929 ·
359 2906 710 2969 transiere:
744 2915 1146 2989 postremum
1173 2906 1566 2972 auxiliorum
1586 2929 1819 2991 agmen
1841 2907 2203 2994 Batavique

358 3010 425 3073 in
473 3014 660 3094 parte
711 3031 806 3092 ea,
855 3009 1008 3074 dum
1054 3011 1365 3075 insultant
1410 3012 1590 3095 aquis
1637 3021 1973 3096 artemque
2006 3013 2204 3077 nandi

288 3137 344 3179 15
363 3118 710 3195 ostentant,
739 3104 1001 3178 ,turbati
1047 3120 1112 3178 et
1145 3114 1407 3199 quidam
1439 3116 1654 3180 hausti
1686 3122 1854 3180 sunt.
1932 3118 2203 3182 metanti

361 3225 578 3282 castra
648 3216 910 3281 Caesari
969 3217 1503 3301 Angrivariorum
1571 3220 1847 3285 defectio
1914 3245 1953 3286 a
2013 3228 2199 3308 tergo

360 3322 728 3386 nuntiatur:
791 3323 1021 3386 missus
1081 3324 1230 3387 ilico
1280 3323 1618 3388 Stertinius
1678 3345 1822 3389 cum
1872 3327 2088 3411 equite
2138 3334 2204 3391 et

365 3430 693 3489 armatura
732 3425 862 3489 levi
889 3426 1039 3510 igne
1074 3432 1139 3490 et
1172 3426 1477 3492 caedibus
1509 3428 1845 3513 perfidiam
1874 3431 2049 3494 ultus
2084 3437 2200 3495 est.
