<?xml version="1.0" encoding="UTF-8"?>
<!DOCTYPE html PUBLIC "-//W3C//DTD XHTML 1.0 Transitional//EN"
    "http://www.w3.org/TR/xhtml1/DTD/xhtml1-transitional.dtd">
<html xmlns="http://www.w3.org/1999/xhtml" xml:lang="en" lang="en">
 <head>
  <title>
</title>
<meta http-equiv="Content-Type" content="text/html;charset=utf-8" />
  <meta name='ocr-system' content='tesseract 3.04.00' />
  <meta name='ocr-capabilities' content='ocr_page ocr_carea ocr_par ocr_line ocrx_word'/>
</head>
<body>
  <div class='ocr_page' id='page_1' title='image "./corneliitacitia00gitlgoog_0123.png"; bbox 0 0 2467 3900; ppageno 0'>
   <div class='ocr_carea' id='block_1_1' title="bbox 707 281 2142 337">
    <p class='ocr_par' dir='ltr' id='par_1_1' title="bbox 707 281 2142 337">
     <span class='ocr_line' id='line_1_1' title="bbox 707 281 2142 337; baseline 0.001 -11"><span class='ocrx_word' id='word_1_1' title='bbox 707 288 783 327; x_wconf 81' lang='lat' dir='ltr'>AB</span> <span class='ocrx_word' id='word_1_2' title='bbox 810 287 1059 326; x_wconf 82' lang='lat' dir='ltr'>EXCESSU</span> <span class='ocrx_word' id='word_1_3' title='bbox 1088 287 1217 326; x_wconf 85' lang='lat' dir='ltr'><strong>DIVI</strong></span> <span class='ocrx_word' id='word_1_4' title='bbox 1243 285 1498 326; x_wconf 80' lang='lat' dir='ltr'>AUGUSTI</span> <span class='ocrx_word' id='word_1_5' title='bbox 1523 287 1569 325; x_wconf 91' lang='grc' dir='ltr'>Π</span> <span class='ocrx_word' id='word_1_6' title='bbox 1595 287 1763 326; x_wconf 86' lang='grc'><strong>83-88.</strong></span> <span class='ocrx_word' id='word_1_7' title='bbox 2037 281 2142 337; x_wconf 88' lang='lat'>111</span> 
     </span>
    </p>
   </div>
   <div class='ocr_carea' id='block_1_2' title="bbox 319 445 2221 3449">
    <p class='ocr_par' dir='ltr' id='par_1_2' title="bbox 319 445 2221 1241">
     <span class='ocr_line' id='line_1_2' title="bbox 326 445 2145 531; baseline -0.001 -22"><span class='ocrx_word' id='word_1_8' title='bbox 326 446 631 531; x_wconf 82' lang='lat' dir='ltr'>quaginta</span> <span class='ocrx_word' id='word_1_9' title='bbox 686 467 805 530; x_wconf 89' lang='lat' dir='ltr'>per</span> <span class='ocrx_word' id='word_1_10' title='bbox 864 466 1065 511; x_wconf 90' lang='lat' dir='ltr'>annos</span> <span class='ocrx_word' id='word_1_11' title='bbox 1112 467 1357 510; x_wconf 90' lang='lat' dir='ltr'>summa</span> <span class='ocrx_word' id='word_1_12' title='bbox 1404 445 1825 510; x_wconf 88' lang='lat' dir='ltr'>sanctimonia</span> <span class='ocrx_word' id='word_1_13' title='bbox 1866 445 2145 510; x_wconf 89' lang='lat' dir='ltr'>Vestali-</span> 
     </span>
     <span class='ocr_line' id='line_1_3' title="bbox 319 548 2146 634; baseline 0.002 -22"><span class='ocrx_word' id='word_1_14' title='bbox 319 550 445 614; x_wconf 91' lang='lat' dir='ltr'>·bus</span> <span class='ocrx_word' id='word_1_15' title='bbox 506 551 699 614; x_wconf 91' lang='lat' dir='ltr'>sacris</span> <span class='ocrx_word' id='word_1_16' title='bbox 761 548 1209 634; x_wconf 87' lang='lat' dir='ltr'>praesederat3</span> <span class='ocrx_word' id='word_1_17' title='bbox 1275 549 1534 634; x_wconf 84' lang='lat' dir='ltr'>egitque</span> <span class='ocrx_word' id='word_1_18' title='bbox 1595 555 1808 634; x_wconf 80' lang='lat' dir='ltr'>grates</span> <span class='ocrx_word' id='word_1_19' title='bbox 1865 549 2146 615; x_wconf 86' lang='lat' dir='ltr'>Fonteio</span> 
     </span>
     <span class='ocr_line' id='line_1_4' title="bbox 324 653 2192 739; baseline -0.003 -21"><span class='ocrx_word' id='word_1_20' title='bbox 324 653 655 739; x_wconf 85' lang='lat' dir='ltr'>Agrippae</span> <span class='ocrx_word' id='word_1_21' title='bbox 718 660 784 719; x_wconf 91' lang='lat' dir='ltr'>et</span> <span class='ocrx_word' id='word_1_22' title='bbox 843 654 1136 718; x_wconf 89' lang='lat' dir='ltr'>Domitio</span> <span class='ocrx_word' id='word_1_23' title='bbox 1197 653 1513 736; x_wconf 91' lang='lat' dir='ltr'>Pollioni,</span> <span class='ocrx_word' id='word_1_24' title='bbox 1579 653 1752 738; x_wconf 91' lang='lat' dir='ltr'>quod</span> <span class='ocrx_word' id='word_1_25' title='bbox 1813 654 2192 719; x_wconf 74' lang='lat' dir='ltr'>offerendos</span> 
     </span>
     <span class='ocr_line' id='line_1_5' title="bbox 323 757 2147 844; baseline 0.003 -25"><span class='ocrx_word' id='word_1_26' title='bbox 323 757 486 820; x_wconf 87' lang='lat' dir='ltr'>fflias</span> <span class='ocrx_word' id='word_1_27' title='bbox 534 757 615 821; x_wconf 93' lang='lat' dir='ltr'>de</span> <span class='ocrx_word' id='word_1_28' title='bbox 664 757 875 822; x_wconf 87' lang='lat' dir='ltr'>officio</span> <span class='ocrx_word' id='word_1_29' title='bbox 922 759 988 821; x_wconf 92' lang='lat' dir='ltr'>in</span> <span class='ocrx_word' id='word_1_30' title='bbox 1016 779 1156 822; x_wconf 89' lang='lat' dir='ltr'>rem</span> <span class='ocrx_word' id='word_1_31' title='bbox 1187 757 1512 841; x_wconf 82' lang='lat' dir='ltr'>publicam</span> <span class='ocrx_word' id='word_1_32' title='bbox 1546 763 1886 822; x_wconf 89' lang='lat' dir='ltr'>certarent.</span> <span class='ocrx_word' id='word_1_33' title='bbox 1959 779 2147 844; x_wconf 90' lang='lat' dir='ltr'>prae-</span> 
     </span>
     <span class='ocr_line' id='line_1_6' title="bbox 323 861 2150 946; baseline 0.001 -20"><span class='ocrx_word' id='word_1_34' title='bbox 323 864 454 926; x_wconf 90' lang='lat' dir='ltr'>lata</span> <span class='ocrx_word' id='word_1_35' title='bbox 484 862 799 926; x_wconf 93' lang='lat' dir='ltr'>Pollionis</span> <span class='ocrx_word' id='word_1_36' title='bbox 830 863 981 945; x_wconf 91' lang='lat' dir='ltr'>filia,</span> <span class='ocrx_word' id='word_1_37' title='bbox 1028 882 1160 927; x_wconf 94' lang='lat' dir='ltr'>non</span> <span class='ocrx_word' id='word_1_38' title='bbox 1194 863 1277 926; x_wconf 84' lang='lat' dir='ltr'>ob</span> <span class='ocrx_word' id='word_1_39' title='bbox 1309 861 1480 925; x_wconf 89' lang='lat' dir='ltr'>aliud</span> <span class='ocrx_word' id='word_1_40' title='bbox 1515 883 1703 946; x_wconf 91' lang='lat' dir='ltr'>quam</span> <span class='ocrx_word' id='word_1_41' title='bbox 1737 861 1913 946; x_wconf 91' lang='lat' dir='ltr'>quod</span> <span class='ocrx_word' id='word_1_42' title='bbox 1945 869 2150 927; x_wconf 88' lang='lat' dir='ltr'>mater</span> 
     </span>
     <span class='ocr_line' id='line_1_7' title="bbox 324 964 2144 1052; baseline 0.001 -22"><span class='ocrx_word' id='word_1_43' title='bbox 324 967 390 1032; x_wconf 92' lang='lat' dir='ltr'>in</span> <span class='ocrx_word' id='word_1_44' title='bbox 422 967 657 1032; x_wconf 88' lang='lat' dir='ltr'>eodem</span> <span class='ocrx_word' id='word_1_45' title='bbox 691 968 991 1052; x_wconf 88' lang='lat' dir='ltr'>coniugio</span> <span class='ocrx_word' id='word_1_46' title='bbox 1024 966 1358 1047; x_wconf 88' lang='lat' dir='ltr'>manebat3</span> <span class='ocrx_word' id='word_1_47' title='bbox 1390 985 1537 1030; x_wconf 91' lang='lat' dir='ltr'>nam</span> <span class='ocrx_word' id='word_1_48' title='bbox 1561 964 1856 1050; x_wconf 84' lang='lat' dir='ltr'>Agrippa</span> <span class='ocrx_word' id='word_1_49' title='bbox 1875 966 2144 1031; x_wconf 90' lang='lat' dir='ltr'>discidio</span> 
     </span>
     <span class='ocr_line' id='line_1_8' title="bbox 325 1070 2149 1155; baseline 0 -20"><span class='ocrx_word' id='word_1_50' title='bbox 325 1071 588 1135; x_wconf 92' lang='lat' dir='ltr'>domum</span> <span class='ocrx_word' id='word_1_51' title='bbox 634 1072 1063 1136; x_wconf 84' lang='lat' dir='ltr'>imminuerat.</span> <span class='ocrx_word' id='word_1_52' title='bbox 1134 1076 1200 1134; x_wconf 88' lang='lat' dir='ltr'>et</span> <span class='ocrx_word' id='word_1_53' title='bbox 1233 1071 1473 1135; x_wconf 83' lang='lat' dir='ltr'>Caesar</span> <span class='ocrx_word' id='word_1_54' title='bbox 1503 1070 1793 1155; x_wconf 86' lang='lat' dir='ltr'>quamvis</span> <span class='ocrx_word' id='word_1_55' title='bbox 1819 1071 2149 1155; x_wconf 88' lang='lat' dir='ltr'>posthabi-</span> 
     </span>
     <span class='ocr_line' id='line_1_9' title="bbox 322 1175 2221 1241; baseline 0 -1"><span class='ocrx_word' id='word_1_56' title='bbox 322 1183 454 1240; x_wconf 91' lang='lat' dir='ltr'>tam</span> <span class='ocrx_word' id='word_1_57' title='bbox 500 1177 761 1241; x_wconf 83' lang='lat' dir='ltr'>deciens</span> <span class='ocrx_word' id='word_1_58' title='bbox 810 1177 1089 1240; x_wconf 84' lang='lat' dir='ltr'>sestertii</span> <span class='ocrx_word' id='word_1_59' title='bbox 1137 1175 1290 1239; x_wconf 89' lang='lat' dir='ltr'>dote</span> <span class='ocrx_word' id='word_1_60' title='bbox 1339 1175 1582 1239; x_wconf 87' lang='lat' dir='ltr'>solatus</span> <span class='ocrx_word' id='word_1_61' title='bbox 1630 1179 1746 1238; x_wconf 89' lang='lat' dir='ltr'>est.</span> <span class='ocrx_word' id='word_1_62' title='bbox 2170 1201 2221 1240; x_wconf 92' lang='lat'>10</span> 
     </span>
    </p>

    <p class='ocr_par' dir='ltr' id='par_1_3' title="bbox 320 1265 2193 2180">
     <span class='ocr_line' id='line_1_10' title="bbox 454 1265 2149 1362; baseline 0.001 -20"><span class='ocrx_word' id='word_1_63' title='bbox 454 1281 557 1343; x_wconf 82' lang='grc'>87.</span> <span class='ocrx_word' id='word_1_64' title='bbox 622 1279 971 1345; x_wconf 85' lang='lat' dir='ltr'>Saevitiam</span> <span class='ocrx_word' id='word_1_65' title='bbox 1018 1301 1311 1344; x_wconf 88' lang='lat' dir='ltr'>annonae</span> <span class='ocrx_word' id='word_1_66' title='bbox 1344 1265 1676 1343; x_wconf 83' lang='lat' dir='ltr'>incusante</span> <span class='ocrx_word' id='word_1_67' title='bbox 1704 1278 1898 1362; x_wconf 88' lang='lat' dir='ltr'>plebe</span> <span class='ocrx_word' id='word_1_68' title='bbox 1928 1281 2149 1345; x_wconf 89' lang='lat' dir='ltr'>statuit</span> 
     </span>
     <span class='ocr_line' id='line_1_11' title="bbox 320 1382 2148 1467; baseline 0 -19"><span class='ocrx_word' id='word_1_69' title='bbox 320 1382 641 1448; x_wconf 83' lang='lat' dir='ltr'>frumento</span> <span class='ocrx_word' id='word_1_70' title='bbox 688 1384 987 1467; x_wconf 90' lang='lat' dir='ltr'>pretium,</span> <span class='ocrx_word' id='word_1_71' title='bbox 1034 1383 1209 1467; x_wconf 91' lang='lat' dir='ltr'>quod</span> <span class='ocrx_word' id='word_1_72' title='bbox 1252 1389 1506 1467; x_wconf 89' lang='lat' dir='ltr'>emptor</span> <span class='ocrx_word' id='word_1_73' title='bbox 1549 1382 1885 1467; x_wconf 84' lang='lat' dir='ltr'>penderet,</span> <span class='ocrx_word' id='word_1_74' title='bbox 1929 1385 2148 1449; x_wconf 89' lang='lat' dir='ltr'>binos-</span> 
     </span>
     <span class='ocr_line' id='line_1_12' title="bbox 324 1487 2146 1574; baseline 0.001 -21"><span class='ocrx_word' id='word_1_75' title='bbox 324 1510 449 1574; x_wconf 91' lang='lat' dir='ltr'>que</span> <span class='ocrx_word' id='word_1_76' title='bbox 472 1509 770 1553; x_wconf 91' lang='lat' dir='ltr'>nummos</span> <span class='ocrx_word' id='word_1_77' title='bbox 803 1510 871 1552; x_wconf 93' lang='lat' dir='ltr'>se</span> <span class='ocrx_word' id='word_1_78' title='bbox 904 1487 1276 1552; x_wconf 90' lang='lat' dir='ltr'>additurum</span> <span class='ocrx_word' id='word_1_79' title='bbox 1306 1488 1822 1570; x_wconf 87' lang='lat' dir='ltr'>negotiatoribus</span> <span class='ocrx_word' id='word_1_80' title='bbox 1843 1489 1909 1553; x_wconf 93' lang='lat' dir='ltr'>in</span> <span class='ocrx_word' id='word_1_81' title='bbox 1929 1489 2146 1572; x_wconf 84' lang='lat' dir='ltr'>singu-</span> 
     </span>
     <span class='ocr_line' id='line_1_13' title="bbox 321 1589 2148 1678; baseline 0.001 -22"><span class='ocrx_word' id='word_1_82' title='bbox 321 1595 421 1656; x_wconf 91' lang='lat' dir='ltr'>los</span> <span class='ocrx_word' id='word_1_83' title='bbox 465 1593 743 1656; x_wconf 89' lang='lat' dir='ltr'>modios.</span> <span class='ocrx_word' id='word_1_84' title='bbox 826 1589 1037 1677; x_wconf 87' lang='lat' dir='ltr'>neque</span> <span class='ocrx_word' id='word_1_85' title='bbox 1085 1600 1302 1657; x_wconf 87' lang='lat' dir='ltr'>tamen</span> <span class='ocrx_word' id='word_1_86' title='bbox 1347 1593 1632 1677; x_wconf 86' lang='lat' dir='ltr'>parentis</span> <span class='ocrx_word' id='word_1_87' title='bbox 1677 1594 1922 1678; x_wconf 84' lang='lat' dir='ltr'>patriae</span> <span class='ocrx_word' id='word_1_88' title='bbox 1973 1595 2148 1659; x_wconf 90' lang='lat' dir='ltr'>dela-</span> 
     </span>
     <span class='ocr_line' id='line_1_14' title="bbox 322 1697 2193 1783; baseline -0.002 -20"><span class='ocrx_word' id='word_1_89' title='bbox 322 1706 460 1763; x_wconf 87' lang='lat' dir='ltr'>tum</span> <span class='ocrx_word' id='word_1_90' title='bbox 538 1706 602 1761; x_wconf 92' lang='lat' dir='ltr'>et</span> <span class='ocrx_word' id='word_1_91' title='bbox 667 1702 858 1762; x_wconf 92' lang='lat' dir='ltr'>antea</span> <span class='ocrx_word' id='word_1_92' title='bbox 919 1697 1308 1761; x_wconf 87' lang='lat' dir='ltr'>vocabulum</span> <span class='ocrx_word' id='word_1_93' title='bbox 1368 1697 1726 1782; x_wconf 85' lang='lat' dir='ltr'>adsumpsit</span> <span class='ocrx_word' id='word_1_94' title='bbox 1787 1700 2193 1783; x_wconf 74' lang='lat' dir='ltr'>acerbeques</span> 
     </span>
     <span class='ocr_line' id='line_1_15' title="bbox 322 1800 2148 1886; baseline 0.001 -21"><span class='ocrx_word' id='word_1_95' title='bbox 322 1802 639 1885; x_wconf 89' lang='lat' dir='ltr'>increpuit</span> <span class='ocrx_word' id='word_1_96' title='bbox 690 1801 798 1886; x_wconf 91' lang='lat' dir='ltr'>qui</span> <span class='ocrx_word' id='word_1_97' title='bbox 844 1800 1091 1864; x_wconf 86' lang='lat' dir='ltr'>divinas</span> <span class='ocrx_word' id='word_1_98' title='bbox 1141 1802 1599 1886; x_wconf 90' lang='lat' dir='ltr'>occupationes</span> <span class='ocrx_word' id='word_1_99' title='bbox 1644 1803 1984 1885; x_wconf 87' lang='lat' dir='ltr'>ipsumque</span> <span class='ocrx_word' id='word_1_100' title='bbox 2030 1802 2148 1866; x_wconf 93' lang='lat' dir='ltr'>do-</span> 
     </span>
     <span class='ocr_line' id='line_1_16' title="bbox 324 1905 2146 1992; baseline 0.001 -21"><span class='ocrx_word' id='word_1_101' title='bbox 324 1907 568 1973; x_wconf 89' lang='lat' dir='ltr'>minum</span> <span class='ocrx_word' id='word_1_102' title='bbox 618 1906 931 1972; x_wconf 84' lang='lat' dir='ltr'>dixerant.</span> <span class='ocrx_word' id='word_1_103' title='bbox 1006 1905 1177 1971; x_wconf 91' lang='lat' dir='ltr'>unde</span> <span class='ocrx_word' id='word_1_104' title='bbox 1226 1912 1498 1992; x_wconf 90' lang='lat' dir='ltr'>angusta</span> <span class='ocrx_word' id='word_1_105' title='bbox 1545 1911 1610 1971; x_wconf 86' lang='lat' dir='ltr'>et</span> <span class='ocrx_word' id='word_1_106' title='bbox 1653 1906 1898 1972; x_wconf 87' lang='lat' dir='ltr'>lubrica</span> <span class='ocrx_word' id='word_1_107' title='bbox 1943 1908 2146 1973; x_wconf 89' lang='lat' dir='ltr'>oratio</span> 
     </span>
     <span class='ocr_line' id='line_1_17' title="bbox 324 2011 2149 2096; baseline 0.001 -21"><span class='ocrx_word' id='word_1_108' title='bbox 324 2013 441 2076; x_wconf 90' lang='lat' dir='ltr'>sub</span> <span class='ocrx_word' id='word_1_109' title='bbox 467 2012 777 2096; x_wconf 88' lang='lat' dir='ltr'>principe,</span> <span class='ocrx_word' id='word_1_110' title='bbox 811 2012 919 2095; x_wconf 92' lang='lat' dir='ltr'>qui</span> <span class='ocrx_word' id='word_1_111' title='bbox 939 2012 1307 2076; x_wconf 89' lang='lat' dir='ltr'>libertatem</span> <span class='ocrx_word' id='word_1_112' title='bbox 1329 2011 1680 2094; x_wconf 84' lang='lat' dir='ltr'>metuebat,</span> <span class='ocrx_word' id='word_1_113' title='bbox 1711 2012 2149 2077; x_wconf 89' lang='lat' dir='ltr'>adulationem</span> 
     </span>
     <span class='ocr_line' id='line_1_18' title="bbox 326 2116 571 2180; baseline 0 -1"><span class='ocrx_word' id='word_1_114' title='bbox 326 2116 571 2180; x_wconf 89' lang='lat' dir='ltr'>oderat.</span> 
     </span>
    </p>

    <p class='ocr_par' dir='ltr' id='par_1_4' title="bbox 319 2218 2220 3449">
     <span class='ocr_line' id='line_1_19' title="bbox 454 2218 2148 2306; baseline 0.004 -25"><span class='ocrx_word' id='word_1_115' title='bbox 454 2220 557 2282; x_wconf 83' lang='lat'>88.</span> <span class='ocrx_word' id='word_1_116' title='bbox 620 2218 908 2304; x_wconf 84' lang='lat' dir='ltr'>Reperio</span> <span class='ocrx_word' id='word_1_117' title='bbox 970 2220 1143 2304; x_wconf 88' lang='lat' dir='ltr'>apud</span> <span class='ocrx_word' id='word_1_118' title='bbox 1206 2221 1555 2305; x_wconf 88' lang='lat' dir='ltr'>scriptores</span> <span class='ocrx_word' id='word_1_119' title='bbox 1618 2226 2148 2306; x_wconf 87' lang='lat' dir='ltr'>enarratoresque</span> 
     </span>
     <span class='ocr_line' id='line_1_20' title="bbox 326 2323 2148 2409; baseline 0.001 -20"><span class='ocrx_word' id='word_1_120' title='bbox 326 2325 678 2389; x_wconf 88' lang='lat' dir='ltr'>eorundem</span> <span class='ocrx_word' id='word_1_121' title='bbox 714 2329 1079 2407; x_wconf 88' lang='lat' dir='ltr'>temporum</span> <span class='ocrx_word' id='word_1_122' title='bbox 1114 2323 1584 2409; x_wconf 89' lang='lat' dir='ltr'>Adgandestrii</span> <span class='ocrx_word' id='word_1_123' title='bbox 1615 2325 1920 2409; x_wconf 87' lang='lat' dir='ltr'>principis</span> <span class='ocrx_word' id='word_1_124' title='bbox 1951 2324 2148 2390; x_wconf 82' lang='lat' dir='ltr'>Chat-</span> 
     </span>
     <span class='ocr_line' id='line_1_21' title="bbox 323 2430 2152 2516; baseline 0.002 -24"><span class='ocrx_word' id='word_1_125' title='bbox 323 2434 537 2494; x_wconf 90' lang='lat' dir='ltr'>torum</span> <span class='ocrx_word' id='word_1_126' title='bbox 600 2431 801 2494; x_wconf 89' lang='lat' dir='ltr'>lectas</span> <span class='ocrx_word' id='word_1_127' title='bbox 860 2430 927 2493; x_wconf 93' lang='lat' dir='ltr'>in</span> <span class='ocrx_word' id='word_1_128' title='bbox 987 2436 1214 2495; x_wconf 90' lang='lat' dir='ltr'>senatu</span> <span class='ocrx_word' id='word_1_129' title='bbox 1261 2431 1541 2512; x_wconf 73' lang='lat' dir='ltr'>litteraS,</span> <span class='ocrx_word' id='word_1_130' title='bbox 1601 2431 1829 2516; x_wconf 89' lang='lat' dir='ltr'>quibus</span> <span class='ocrx_word' id='word_1_131' title='bbox 1874 2439 2152 2498; x_wconf 89' lang='lat' dir='ltr'>mortem</span> 
     </span>
     <span class='ocr_line' id='line_1_22' title="bbox 322 2524 2152 2619; baseline 0 -20"><span class='ocrx_word' id='word_1_132' title='bbox 322 2524 599 2599; x_wconf 87' lang='lat' dir='ltr'>Arminii</span> <span class='ocrx_word' id='word_1_133' title='bbox 643 2532 1092 2619; x_wconf 89' lang='lat' dir='ltr'>promittebat,</span> <span class='ocrx_word' id='word_1_134' title='bbox 1138 2534 1191 2596; x_wconf 92' lang='lat' dir='ltr'>si</span> <span class='ocrx_word' id='word_1_135' title='bbox 1237 2533 1590 2617; x_wconf 89' lang='lat' dir='ltr'>patrandae</span> <span class='ocrx_word' id='word_1_136' title='bbox 1635 2535 1782 2599; x_wconf 91' lang='lat' dir='ltr'>neci</span> <span class='ocrx_word' id='word_1_137' title='bbox 1827 2555 2152 2600; x_wconf 84' lang='lat' dir='ltr'>venenum</span> 
     </span>
     <span class='ocr_line' id='line_1_23' title="bbox 324 2638 2194 2724; baseline 0 -23"><span class='ocrx_word' id='word_1_138' title='bbox 324 2638 720 2718; x_wconf 83' lang='lat' dir='ltr'>mitteretur3</span> <span class='ocrx_word' id='word_1_139' title='bbox 770 2658 1286 2722; x_wconf 89' lang='lat' dir='ltr'>responsumque</span> <span class='ocrx_word' id='word_1_140' title='bbox 1330 2660 1463 2703; x_wconf 94' lang='lat' dir='ltr'>non</span> <span class='ocrx_word' id='word_1_141' title='bbox 1505 2638 1732 2702; x_wconf 86' lang='lat' dir='ltr'>fraude</span> <span class='ocrx_word' id='word_1_142' title='bbox 1777 2660 1990 2724; x_wconf 90' lang='lat' dir='ltr'>neque</span> <span class='ocrx_word' id='word_1_143' title='bbox 2041 2662 2194 2705; x_wconf 81' lang='lat' dir='ltr'>oc-5</span> 
     </span>
     <span class='ocr_line' id='line_1_24' title="bbox 325 2740 2153 2825; baseline 0.001 -19"><span class='ocrx_word' id='word_1_144' title='bbox 325 2741 509 2807; x_wconf 91' lang='lat' dir='ltr'>cultis</span> <span class='ocrx_word' id='word_1_145' title='bbox 556 2741 671 2805; x_wconf 92' lang='lat' dir='ltr'>sed</span> <span class='ocrx_word' id='word_1_146' title='bbox 715 2740 928 2825; x_wconf 89' lang='lat' dir='ltr'>palam</span> <span class='ocrx_word' id='word_1_147' title='bbox 974 2746 1040 2804; x_wconf 91' lang='lat' dir='ltr'>et</span> <span class='ocrx_word' id='word_1_148' title='bbox 1085 2746 1400 2804; x_wconf 89' lang='lat' dir='ltr'>armatum</span> <span class='ocrx_word' id='word_1_149' title='bbox 1438 2743 1754 2825; x_wconf 90' lang='lat' dir='ltr'>populum</span> <span class='ocrx_word' id='word_1_150' title='bbox 1785 2741 2153 2807; x_wconf 88' lang='lat' dir='ltr'>Romanum</span> 
     </span>
     <span class='ocr_line' id='line_1_25' title="bbox 320 2845 2151 2930; baseline 0 -20"><span class='ocrx_word' id='word_1_151' title='bbox 320 2848 543 2910; x_wconf 89' lang='lat' dir='ltr'>hostes</span> <span class='ocrx_word' id='word_1_152' title='bbox 599 2846 845 2910; x_wconf 89' lang='lat' dir='ltr'>ulcisci.</span> <span class='ocrx_word' id='word_1_153' title='bbox 938 2867 1064 2929; x_wconf 90' lang='lat' dir='ltr'>qua</span> <span class='ocrx_word' id='word_1_154' title='bbox 1122 2845 1333 2929; x_wconf 88' lang='lat' dir='ltr'>gloria</span> <span class='ocrx_word' id='word_1_155' title='bbox 1377 2845 1696 2930; x_wconf 90' lang='lat' dir='ltr'>aequabat</span> <span class='ocrx_word' id='word_1_156' title='bbox 1741 2868 1810 2911; x_wconf 90' lang='lat' dir='ltr'>se</span> <span class='ocrx_word' id='word_1_157' title='bbox 1856 2846 2151 2912; x_wconf 82' lang='lat' dir='ltr'>Tiberius</span> 
     </span>
     <span class='ocr_line' id='line_1_26' title="bbox 320 2949 2152 3035; baseline 0.001 -22"><span class='ocrx_word' id='word_1_158' title='bbox 320 2950 549 3033; x_wconf 88' lang='lat' dir='ltr'>priscis</span> <span class='ocrx_word' id='word_1_159' title='bbox 616 2949 1138 3033; x_wconf 90' lang='lat' dir='ltr'>imperatoribus,</span> <span class='ocrx_word' id='word_1_160' title='bbox 1206 2949 1314 3033; x_wconf 93' lang='lat' dir='ltr'>qui</span> <span class='ocrx_word' id='word_1_161' title='bbox 1372 2970 1697 3014; x_wconf 86' lang='lat' dir='ltr'>venenum</span> <span class='ocrx_word' id='word_1_162' title='bbox 1751 2950 1819 3013; x_wconf 93' lang='lat' dir='ltr'>in</span> <span class='ocrx_word' id='word_1_163' title='bbox 1875 2950 2152 3035; x_wconf 86' lang='lat' dir='ltr'>Pyrrum</span> 
     </span>
     <span class='ocr_line' id='line_1_27' title="bbox 319 3052 2150 3137; baseline 0 -20"><span class='ocrx_word' id='word_1_164' title='bbox 319 3073 546 3136; x_wconf 89' lang='lat' dir='ltr'>regem</span> <span class='ocrx_word' id='word_1_165' title='bbox 603 3058 945 3117; x_wconf 83' lang='lat' dir='ltr'>vetuerant</span> <span class='ocrx_word' id='word_1_166' title='bbox 1000 3052 1574 3137; x_wconf 89' lang='lat' dir='ltr'>prodiderantque.</span> <span class='ocrx_word' id='word_1_167' title='bbox 1680 3061 1966 3118; x_wconf 89' lang='lat' dir='ltr'>ceterum</span> <span class='ocrx_word' id='word_1_168' title='bbox 2022 3052 2150 3117; x_wconf 92' lang='lat' dir='ltr'>Ar-</span> 
     </span>
     <span class='ocr_line' id='line_1_28' title="bbox 320 3154 2220 3243; baseline -0.004 -21"><span class='ocrx_word' id='word_1_169' title='bbox 320 3160 557 3222; x_wconf 93' lang='lat' dir='ltr'>minius</span> <span class='ocrx_word' id='word_1_170' title='bbox 588 3156 1084 3222; x_wconf 89' lang='lat' dir='ltr'>abscedentibus</span> <span class='ocrx_word' id='word_1_171' title='bbox 1104 3154 1414 3221; x_wconf 88' lang='lat' dir='ltr'>Romanis</span> <span class='ocrx_word' id='word_1_172' title='bbox 1449 3163 1515 3221; x_wconf 90' lang='lat' dir='ltr'>et</span> <span class='ocrx_word' id='word_1_173' title='bbox 1537 3158 1722 3243; x_wconf 89' lang='lat' dir='ltr'>pulso</span> <span class='ocrx_word' id='word_1_174' title='bbox 1741 3157 2148 3223; x_wconf 88' lang='lat' dir='ltr'>Maroboduo</span> <span class='ocrx_word' id='word_1_175' title='bbox 2169 3177 2220 3215; x_wconf 78' lang='grc' dir='ltr'>ιο</span> 
     </span>
     <span class='ocr_line' id='line_1_29' title="bbox 320 3260 2148 3346; baseline 0 -21"><span class='ocrx_word' id='word_1_176' title='bbox 320 3283 593 3346; x_wconf 89' lang='lat' dir='ltr'>regnum</span> <span class='ocrx_word' id='word_1_177' title='bbox 622 3260 949 3325; x_wconf 89' lang='lat' dir='ltr'>adfectans</span> <span class='ocrx_word' id='word_1_178' title='bbox 978 3260 1345 3325; x_wconf 87' lang='lat' dir='ltr'>libertatem</span> <span class='ocrx_word' id='word_1_179' title='bbox 1373 3261 1780 3346; x_wconf 90' lang='lat' dir='ltr'>popularium</span> <span class='ocrx_word' id='word_1_180' title='bbox 1812 3261 2148 3326; x_wconf 86' lang='lat' dir='ltr'>adversam</span> 
     </span>
     <span class='ocr_line' id='line_1_30' title="bbox 322 3364 2148 3449; baseline 0.001 -19"><span class='ocrx_word' id='word_1_181' title='bbox 322 3366 568 3449; x_wconf 90' lang='lat' dir='ltr'>habuit,</span> <span class='ocrx_word' id='word_1_182' title='bbox 612 3364 981 3449; x_wconf 88' lang='lat' dir='ltr'>petitusque</span> <span class='ocrx_word' id='word_1_183' title='bbox 1028 3365 1219 3429; x_wconf 91' lang='lat' dir='ltr'>armis</span> <span class='ocrx_word' id='word_1_184' title='bbox 1269 3385 1411 3428; x_wconf 89' lang='lat' dir='ltr'>cum</span> <span class='ocrx_word' id='word_1_185' title='bbox 1453 3366 1632 3429; x_wconf 82' lang='lat' dir='ltr'>varia</span> <span class='ocrx_word' id='word_1_186' title='bbox 1657 3366 1915 3430; x_wconf 86' lang='lat' dir='ltr'>fortuna</span> <span class='ocrx_word' id='word_1_187' title='bbox 1945 3372 2148 3432; x_wconf 88' lang='lat' dir='ltr'>certa-</span> 
     </span>
    </p>
   </div>
   <div class='ocr_carea' id='block_1_3' title="bbox 322 3466 2151 3623">
    <p class='ocr_par' dir='ltr' id='par_1_5' title="bbox 322 3466 2151 3623">
     <span class='ocr_line' id='line_1_31' title="bbox 322 3466 2151 3556; baseline 0.002 -24"><span class='ocrx_word' id='word_1_188' title='bbox 322 3475 455 3553; x_wconf 90' lang='lat' dir='ltr'>ret,</span> <span class='ocrx_word' id='word_1_189' title='bbox 514 3468 666 3533; x_wconf 93' lang='lat' dir='ltr'>dolo</span> <span class='ocrx_word' id='word_1_190' title='bbox 711 3468 1221 3556; x_wconf 90' lang='lat' dir='ltr'>propinquorum</span> <span class='ocrx_word' id='word_1_191' title='bbox 1282 3466 1546 3532; x_wconf 88' lang='lat' dir='ltr'>cecidit:</span> <span class='ocrx_word' id='word_1_192' title='bbox 1609 3468 1919 3533; x_wconf 86' lang='lat' dir='ltr'>liberator</span> <span class='ocrx_word' id='word_1_193' title='bbox 1976 3472 2151 3537; x_wconf 90' lang='lat' dir='ltr'>haud</span> 
     </span>
     <span class='ocr_line' id='line_1_32' title="bbox 1765 3569 1842 3623; baseline 0 -20"><span class='ocrx_word' id='word_1_194' title='bbox 1765 3569 1842 3623; x_wconf 62' lang='lat'>7*</span> 
     </span>
    </p>
   </div>
  </div>
 </body>
</html>
