2467 3900
322 269 433 328 156
978 275 1257 317 conmann
1283 275 1477 315 mern

318 423 615 520 Augusto
664 435 1009 500 constituta
1053 434 1209 498 satis
1257 432 1684 498 ostendebant
1726 453 2002 496 annuam
2035 433 2146 497 ab·

320 538 591 602 sentiam
648 544 715 603 et
756 537 1233 623 provinciarum
1279 537 1900 603 administrationem
1947 535 2148 600 Diali·-

319 644 439 708 bus
505 663 637 708 non
706 642 997 708 concedi.
1086 642 1694 726 ¹memorabaturque
1759 641 1834 705 L.
1900 639 2150 706 Metelli

252 769 302 808 20
323 746 640 832 pontificis
696 746 961 811 maximi
1008 747 1383 832 exemplum
1398 795 1415 828 ‚
1476 747 1582 831 qui
1626 745 1869 810 Aulum
1914 745 2148 809 Postu-

324 850 519 915 mium
563 850 886 916 flaminem
933 850 1316 915 attinuisset.
1386 850 1479 914 ita
1507 870 1647 913 sors
1675 847 1876 913 Asiae
1903 848 1973 913 in
2002 869 2151 914 eum

322 955 431 1039 qui
476 955 909 1021 consularium
953 954 1386 1040 Maluginensi
1430 953 1763 1038 proximus
1809 953 2082 1017 conlata.

458 1062 558 1124 72.
621 1058 841 1124 Isdem
900 1059 1129 1123 diebus
1173 1058 1461 1143 Lepidus
1519 1058 1602 1122 ab
1651 1063 1880 1121 senatu
1921 1056 2154 1142 petivit

322 1171 395 1229 ut
438 1164 769 1229 basilicam
816 1163 1035 1243 Pauli,
1080 1158 1366 1228 Aemilia
1411 1166 1846 1238 monumenta,
1891 1160 2155 1246 propria

325 1269 599 1355 pecunia
658 1267 944 1346 firmaret
990 1273 1394 1352 ornaretque.
1485 1274 1620 1332 erat
1665 1266 1860 1331 etiam
1903 1270 2043 1328 tum
2088 1268 2153 1330 in

328 1393 507 1438 more
539 1373 800 1457 publica
828 1370 1299 1452 munificentia3
1345 1390 1466 1435 neo
1497 1367 1831 1452 Augustus
1863 1374 2158 1434 arcuerat

286 1477 609 1540 sTaurum
653 1474 1030 1560 Philippum
1074 1463 1352 1539 Balbum
1407 1475 1676 1539 hostiles
1733 1475 2004 1539 exuvias
2049 1479 2159 1539 aut

329 1578 716 1645 exundantis
777 1598 935 1664 opes
994 1584 1287 1645 ornatum
1348 1579 1431 1644 ad
1485 1580 1658 1643 urbis
1715 1587 1782 1644 et
1825 1585 2160 1665 posterum

330 1684 603 1770 gloriam
673 1683 986 1748 conferre.
1086 1703 1210 1768 quo
1284 1689 1424 1748 tum
1485 1684 1790 1768 exemplo
1851 1682 2158 1768 LepiduS,

334 1807 717 1872 quamquam
774 1783 1089 1872 pecuniae
1140 1786 1468 1869 modicus,
1527 1788 1768 1851 avitum
1815 1787 2012 1853 decus
2056 1809 2158 1852 re-

338 1891 559 1957 coluit.
634 1892 701 1954 at
730 1891 1007 1977 Pompei
1034 1887 1357 1957 theatrum
1385 1891 1536 1976 igne
1567 1891 1831 1958 fortuito
1863 1890 2162 1958 haustum

270 2020 321 2059 ιο
342 1996 579 2062 Caesar
622 2001 1064 2061 extructurum
1110 1996 1467 2081 pollicitus,
1509 1995 1702 2081 -quod
1745 2018 1936 2061 nemo
1983 2018 2020 2061 e
2066 1997 2160 2061 fa-

337 2103 517 2167 milia
563 2100 984 2166 restaurando
1032 2102 1382 2183 sufficeret,
1445 2100 1743 2166 manente
1787 2108 2002 2166 tamen
2045 2121 2162 2165 no-

338 2207 531 2271 mine.
613 2206 798 2271 simul
845 2205 1145 2269 laudibus
1168 2204 1496 2271 ‘Seianum
1535 2206 1786 2287 extulit,
1833 2212 2186 2289 tamquam-

337 2312 561 2376 labore
621 2310 1085 2395 vigilantiaque
1148 2311 1288 2375 eius
1345 2315 1526 2374 tanta
1581 2311 1682 2374 vis
1707 2328 1712 2354 1
1740 2330 1938 2374 unum
1997 2311 2163 2375 intra

341 2413 643 2478 damnum
706 2413 1010 2478 stetisset.
1102 2419 1169 2477 et
1225 2434 1538 2479 censuere
1598 2421 1817 2499 patres
1881 2414 2164 2499 effigiem

268 2540 320 2579 15
340 2518 607 2600 Seian0,
678 2538 845 2602 quae
908 2516 1082 2602 apud
1140 2519 1466 2582 theatrum
1521 2515 1862 2583 locaretur.
1950 2538 2164 2603 neque

338 2624 543 2687 multo
607 2628 757 2707 post
820 2622 1091 2704 Caesar,
1156 2643 1302 2686 cum
1359 2621 1616 2687 Iunium
1673 2622 1980 2687 Blaesum
2041 2644 2162 2709 pro

338 2727 603 2791 consule
673 2725 936 2790 Africae
1004 2725 1314 2811 triumphi
1382 2726 1742 2810 insignibus
1812 2728 2163 2809 attolleret,

306 2830 493 2897 'dare
540 2830 606 2895 id
654 2853 723 2897 se
770 2830 938 2895 dixit
981 2831 1216 2895 honori
1263 2831 1507 2913 Seiani,
1571 2832 1752 2895 cuius
1805 2831 1916 2897 ille
1963 2851 2162 2896 avuna

339 2938 521 3001 culus
566 2941 731 3000 erat.
820 2956 895 2999 ac
940 2943 1158 3000 tamen
1215 2956 1322 3000 res
1367 2935 1586 3001 Blaesi
1634 2936 1868 3022 dignae
1929 2936 2164 3001 decore

267 3064 319 3105 ω
336 3041 452 3105 tali
505 3041 711 3105 fuere.
1134 3064 1137 3068 ·
1703 3056 1708 3061 ·
1927 3060 1932 3065 ·

472 3147 570 3211 73.
633 3145 803 3210 Nam
844 3145 1248 3223 Tacfarinas,
1303 3164 1688 3231 quamquam
1741 3146 2000 3230 saepius
2049 3144 2160 3209 de·

334 3250 585 3334 pulsuS‚
634 3248 955 3335 'reparatis
1000 3269 1118 3333 per
1164 3250 1388 3313 intima
1430 3248 1690 3314 Africae
1735 3247 1994 3313 auxiliis
2037 3248 2164 3313 huc

304 3353 751 3437 adrogantiae
798 3358 1082 3435 venerat,
1127 3357 1201 3415 ut
1244 3353 1498 3438 legatos
1543 3352 1627 3416 ad
1657 3351 1983 3416 Tiberium
2015 3352 2164 3415 mit-

334 3464 503 3522 teret
568 3457 920 3542 sedemque
992 3458 1163 3523 ultro
1230 3457 1352 3522 sibi
1415 3466 1607 3544 atque
1673 3456 1982 3521 exercitui
2043 3475 2161 3519 suo
