2467 3900
709 206 786 244 AB
811 205 1066 246 nxcnssu
1089 205 1503 246 D1V1·AUGUS'1¹1
1526 205 1574 245 11
1599 205 1769 245 34-37.
2036 184 2040 191 ’
2098 201 2172 258 ’19
2205 256 2209 260 .

339 387 422 430 ac
479 365 710 430 silente
770 366 1022 450 magnis
1076 365 1401 448 utrimque
1448 364 1967 430 contentionibus
2010 371 2172 450 acta,

345 469 469 535 sed
511 491 617 534 res
666 468 924 534 dilatae.

477 575 582 639 36.
650 574 736 638 Et
795 579 1127 639 certamen
1189 573 1381 640 'Gallo
1450 575 1759 640 adversus
1825 573 2171 641 Gaesarem

343 687 666 746 exortum.
741 701 894 745 nam
925 678 1176 744 censuit
1201 680 1271 744 in
1298 679 1801 764 quinquennium
1833 680 2173 763 magistra-

339 790 526 848 tuum
597 783 858 849 comitia
927 781 1229 849 habenda
1294 790 1495 867 utque
1556 783 1888 868 legionum
1952 785 2173 870 legati,

342 887 456 972 qui
499 892 648 952 ante
693 892 1062 972 praeturam
1123 908 1200 952 ea
1245 888 1476 953 militia
1516 887 1981 972 fungebantur,
2044 891 2175 955 iam

337 999 480 1056 tum
518 999 860 1076 >praetores
908 991 1417 1076 destinarentur,
1462 993 1766 1078 princeps
1827 993 2173 1059 duodecim
2192 1009 2217 1046 ⁶

340 1096 722 1163 candidatos
782 1098 850 1160 in
911 1117 1114 1162 annos
1177 1095 1467 1182 singulos
1520 1097 1905 1162 nominaret.
1994 1096 2173 1162 haud

343 1201 610 1267 dubium
654 1207 795 1266 erat
847 1221 994 1265 eam
1037 1200 1424 1266 sententiam
1470 1188 1661 1266 altius
1705 1207 2053 1286 penetrare
2108 1207 2181 1266 et-

305 1329 576 1372 ·arcana
633 1306 891 1391 imperii
935 1307 1260 1390 temptari.
1334 1306 1631 1372 Tiberius
1677 1311 1898 1371 tamen
1918 1356 1937 1388 ,
1992 1307 2175 1391 quasi

345 1417 694 1496 augeretur
736 1415 1048 1496 potestas,
1098 1409 1433 1476 disseruit:
1498 1431 1697 1495 grave
1739 1411 2175 1476 moderationi

344 1537 502 1580 suae
558 1520 658 1582 tot
717 1516 992 1601 eligere,
1051 1519 1150 1580 tot
1195 1513 1477 1580 differre.
1566 1515 1681 1580 vix
1724 1537 1843 1602 per
1888 1516 2175 1600 singulos
2194 1528 2246 1568 1⁰

342 1641 546 1685 annos
584 1621 979 1685 offensiones
1009 1619 1220 1703 vitari,
1254 1619 1545 1704 quamvis
1562 1623 1890 1706 repulsam
1908 1623 2173 1708 propin-

344 1747 472 1816 qua
533 1746 682 1811 spes
741 1725 1018 1790 soletur:
1084 1731 1395 1810 quantum
1456 1725 1588 1790 odii
1631 1726 1771 1792 fore
1818 1726 1897 1792 ab
1942 1726 2023 1791 iis
2066 1727 2176 1812 qui

344 1830 516 1895 ultra
577 1829 1087 1915 quinquennium
1128 1829 1563 1915 proiciantur.
1663 1830 1839 1896 unde
1895 1831 2178 1916 prospici

346 1958 537 2022 posse
603 1957 767 2021 quae
834 1935 1064 2021 cuique
1130 1942 1265 2001 tam
1324 1936 1524 2020 longo
1588 1935 1902 2022 temporis
1964 1936 2174 2021 spatio

343 2060 527 2106 mens
587 2040 820 2104 domus
865 2040 1174 2106 fortuna?
1252 2041 1587 2125 superbire
1631 2040 1933 2105 homines
1980 2042 2177 2105 etiam
2194 2058 2245 2098 1⁵

343 2166 558 2211 annua
616 2146 1105 2232 designatione:
1166 2146 1323 2230 quid
1367 2147 1422 2209 si
1465 2146 1785 2211 honorem
1827 2167 1949 2232 per
1993 2145 2176 2231 quin·
2279 2190 2283 2193 -

343 2250 696 2335 quennium
776 2251 1070 2335 agitent?
1145 2250 1639 2335 quinquiplicari
1708 2270 1977 2335 prorsus
2036 2271 2173 2314 ma-

341 2354 646 2439 gistratus
665 2404 682 2437 ,
742 2355 1032 2420 subverti
1074 2356 1289 2439 leges,
1352 2369 1543 2440 quae·
1565 2376 1683 2421 sua
1726 2356 1937 2442 spatia
1983 2376 2174 2422 exer-

345 2460 590 2525 cendae
623 2458 1114 2525 candidatorum
1142 2458 1499 2523 industriae
1530 2460 2044 2545 quaerendisque
2066 2466 2177 2526 aut

341 2564 673 2650 potiundis
718 2563 1071 2629 honoribus
1116 2564 1479 2628 statuerint.
1552 2563 1893 2629 favorabili
1930 2564 1998 2629 in
2027 2586 2175 2651 spe·
2196 2590 2247 2631 20

345 2667 511 2732 ciem
559 2667 850 2733 oratione
895 2669 1026 2734 vim
1077 2666 1335 2751 imperii
1378 2667 1609 2733 tenuit.

475 2772 580 2837 37.
651 2765 1030 2856 Censusque
1087 2770 1495 2864 quorundam
1558 2778 1931 2857 senatorum
1991 2772 2173 2837 iuvit.

346 2897 474 2961 quo
521 2877 728 2959 magis
769 2878 1023 2960 mirum,
1067 2873 1249 2961 quod
1278 2894 1507 2960 preces
1536 2874 1740 2939 Marci
1768 2874 2029 2940 Hortali
2058 2895 2174 2940 no-

345 2981 492 3046 bilis
554 2981 808 3047 iuvenis
866 2983 935 3046 in
994 2984 1381 3066 paupertate
1440 2978 1779 3069 manifesta
1834 2978 2173 3064 superbius

345 3079 719 3171 accepisset.
805 3104 1011 3169 nepos
1074 3071 1741 3150 oratoris“Hortensii
1801 3083 2077 3148 inlectus
2135 3102 2174 3145 a

347 3189 498 3255 divo
543 3188 845 3275 Augusto
891 3188 1281 3254 liberalitate
1328 3185 1588 3253 deciens
1618 3184 1902 3252 sestertii
1932 3185 2169 3250 ducere
2193 3208 2218 3247 5

343 3314 642 3378 uxorem,
673 3315 758 3359 ne
787 3292 1138 3358 clarissima
1153 3290 1401 3357 familia.
1419 3290 1931 3374 extingueretur.
1975 3288 2171 3373 igitur

248 3456 253 3460 .
346 3404 651 3483 quattuor
692 3397 842 3463 filiis
887 3402 1036 3461 ante
1080 3397 1281 3462 limen
1314 3394 1527 3461 curiae
1560 3393 1979 3475 adstantibus,
2022 3394 2169 3457 loco
