2467 3900
370 220 404 275 8
1045 223 1321 264 CORNELII
1349 225 1543 265 TACITI
1622 246 1631 255 ·

307 471 314 478 ι
370 384 636 449 consilio
683 384 806 448 nisi
839 404 954 448 suo
1000 406 1283 466 usurum,
1330 385 1436 448 vel
1468 405 1612 448 cum
1655 386 1944 469 periculo
1981 384 2187 450 offen-

315 473 336 480 *
369 489 597 561 sionis:
646 511 725 554 ea
768 489 907 555 sola
949 491 1199 573 species
1246 488 1551 565 adulandi
1596 496 1951 574 supererat.
2034 510 2190 554 con-

301 614 352 652 25
371 577 646 656 clamant
667 597 883 676 patres
911 612 1141 677 corpus
1174 592 1257 656 ad
1289 613 1516 676 rogum
1548 595 1788 658 umeris
1814 600 2193 658 senatorum·

367 696 724 762 ferendum.
797 697 1046 762 remisit
1080 697 1319 762 Caesar
1355 698 1696 782 adroganti
1737 698 2185 763 moderatione

369 802 804 888 populumque
837 802 1049 867 edicto
1082 803 1334 867 monuit
1362 824 1466 884 ne,
1514 808 1586 865 ut
1615 801 1941 887 quondam
1971 803 2187 866 nimiis

367 905 595 980 studiis
640 906 828 981 funus
875 905 1007 970 divi
1051 905 1204 969 Iulii
1248 906 1636 988 turbassent,
1682 906 1773 970 ita
1814 904 2188 988 Augustum

365 1009 433 1072 in
477 1010 618 1074 foro
665 1009 878 1093 potius
911 1031 1101 1094 quam
1150 1012 1215 1075 in
1250 1030 1476 1095 campo
1507 1011 1753 1093 Martis,
1799 1010 1956 1084 sede
1990 1009 2187 1074 desti-

299 1138 350 1178 30
369 1119 555 1196 nata,
602 1113 873 1177 cremari
916 1115 1180 1179 vellent.
1274 1114 1378 1178 die
1424 1115 1667 1179 funeris
1726 1116 1963 1182 milites
2010 1117 2190 1179 velut

369 1217 691 1301 praesidio
754 1224 1026 1301 stetere,
1087 1221 1361 1286 multum
1418 1220 1845 1285 inridentibus
1898 1221 2009 1305 qui
2066 1221 2188 1304 ipsi

369 1322 663 1386 viderant
723 1323 961 1406 quique
1023 1345 1062 1388 a
1122 1323 1495 1409 parentibus
1566 1331 1951 1409 acceperant
2014 1324 2185 1388 diem

368 1427 550 1491 illum
596 1425 780 1491 crudi
808 1426 1018 1492 adhuc
1065 1429 1309 1492 servitii
1340 1432 1406 1492 et
1448 1428 1764 1492 libertatis
1808 1428 2187 1512 inprospere

368 1531 704 1615 repetitae,
751 1551 898 1594 oum
931 1532 1178 1595 occisus
1213 1531 1489 1598 dictator
1521 1531 1760 1596 Caesar
1805 1533 1959 1607 aliis,
1986 1533 2187 1616 pessi-

298 1663 350 1702 35
371 1656 566 1717 mum,
611 1634 751 1710 aliis
788 1634 1292 1718 pulcherrimum
1336 1636 1580 1700 facinus
1610 1636 1974 1702 videretur:
2018 1657 2187 1700 nunc

369 1760 590 1804 senem
636 1737 1010 1822 principem,
1057 1739 1269 1822 longa,
1298 1738 1621 1822 potentia,
1666 1739 1943 1823 provisis
1991 1740 2187 1804 etiam

368 1842 681 1909 heredum
725 1843 793 1916 in
821 1863 960 1914 rem
1007 1845 1332 1930 publicam
1368 1845 1619 1930 opibuS,
1664 1845 1907 1910 auxilio
1940 1845 2191 1909 scilicet

369 1946 630 2015 militari
674 1947 1008 2031 tuendum,
1056 1955 1126 2014 ut
1171 1952 1502 2034 sepultura
1554 1950 1771 2035 quieta
1814 1950 2003 2015 foret.

499 2054 560 2115 9.
623 2053 870 2116 Multus
913 2052 1065 2117 hinc
1108 2052 1249 2137 ipso
1300 2052 1381 2117 de
1414 2051 1715 2137 Augusto
1763 2074 1999 2135 sermo,
2046 2053 2187 2137 ple-

366 2155 581 2241 risque
626 2177 791 2220 vana
835 2155 1244 2239 miranti'buS,
1310 2156 1486 2241 quod
1532 2158 1705 2222 idem
1753 2157 1891 2223 dies
1936 2158 2191 2242 accepti

368 2258 694 2344 quondam
722 2280 732 2288 ·
765 2258 1022 2342 imperii
1093 2261 1397 2344 princeps
1465 2264 1531 2324 et
1592 2260 1762 2326 vitae
1831 2282 2189 2346 supremus,

369 2362 546 2448 quod
589 2362 798 2428 Nolae
856 2363 924 2425 in
972 2362 1164 2426 domo
1214 2369 1280 2427 et
1341 2363 1635 2428 cubiculo
1700 2366 1766 2428 in
1812 2386 1939 2451 quo
2006 2370 2192 2450 pater

325 2494 349 2531 5
371 2468 676 2533 Octavius
720 2467 920 2541 vitam
976 2467 1308 2533 finivisset.
1417 2489 1723 2533 numerus
1779 2470 1972 2533 etiam
2034 2491 2187 2534 con-

369 2573 690 2638 sulatuum
737 2570 1202 2653 celebrabatur,
1249 2591 1375 2656 quo
1421 2570 1759 2636 Valerium
1796 2571 2076 2637 Corvum
2122 2578 2191 2637 et

373 2677 444 2741 G.
475 2677 751 2741 Marium
797 2675 986 2739 simul
1018 2682 1427 2759 aequaverat,
1480 2676 1851 2740 continuata
1880 2696 1997 2760 per
2042 2696 2188 2760 sep-

369 2788 502 2844 tem
549 2780 922 2863 et‘triginta
967 2800 1169 2843 annos
1214 2780 1557 2844 tribunicia
1599 2785 1907 2864 potestaS,
1952 2802 2191 2845 nomen

367 2884 754 2968 inperatoris
809 2884 1013 2947 semel
1071 2890 1265 2967 atque
1310 2883 1555 2948 viciens
1618 2889 1871 2967 partum
1934 2886 2189 2969 aliaque

305 3009 354 3048 10
372 2987 690 3052 honorum
747 2987 1168 3071 multiplicata
1225 2994 1338 3051 aut
1399 3008 1588 3053 nova.
1680 2994 1746 3052 at
1807 2988 1979 3073 apud
2038 3010 2190 3073 pru-

375 3089 602 3157 dentes
689 3090 823 3154 vita
898 3088 1076 3154 varie
1167 3089 1605 3155 extollebatur
1694 3092 2191 3175 arguebaturve.
2274 3156 2281 3163 ,

303 3232 311 3237 ·
372 3194 464 3257 Hi
517 3193 759 3277 pietate
816 3212 974 3275 erga
1028 3199 1366 3278 parentem
1426 3200 1492 3259 et
1559 3195 2036 3273 necessitudine
2096 3197 2192 3261 rei

374 3298 700 3383 publicae,
759 3296 826 3361 in
884 3317 1010 3381 qua
1053 3297 1267 3361 nullus
1325 3303 1493 3381 tunc,
1534 3298 1787 3381 legibus
1845 3301 2059 3384 locus,
2107 3300 2192 3364 ad

374 3422 548 3465 arma
595 3400 807 3466 civilia
853 3407 1086 3466 actum.
1177 3401 1381 3466 multa
1424 3401 1748 3484 Antonio,
1797 3404 1950 3468 dum
1994 3406 2194 3471 inter-
