2467 3900
624 213 699 252 AB
726 211 979 254 EXOESSU
1003 212 1133 252 DIVI
1159 211 1419 269 AUGUSTI·
1439 211 1503 250 lv
1531 210 1698 252 15-17.
1950 205 2057 262 171

238 373 599 441 demutari:
646 371 765 438 sed
810 373 940 436 lata
981 372 1127 450 lex,
1174 391 1303 456 qua
1345 371 1664 461 flaminica
1708 369 1914 436 Dialis
1961 393 2060 435 sa·
2161 455 2167 459 Ι

238 503 491 547 crorum
554 501 745 546 causa
789 480 857 544 in
902 484 1227 565 potestate
1271 477 1422 561 viri,
1483 482 1700 544 cetera
1741 475 2059 561 promisco

196 640 202 645 .
236 585 625 651 feminarum
652 585 791 648 iure
818 589 1063 669 ageret.
1125 589 1191 648 et
1214 582 1383 648 filius
1401 581 1866 668 Maluginensis
1894 583 2063 666 patri

214 691 563 766 ,suffectum
620 696 623 700 '
666 696 866 774 utque
934 689 1237 772 glisceret
1303 687 1589 771 dignatio
1653 685 2061 752 sacerdotum
2079 703 2129 743 20

242 799 434 879 atque
480 794 638 879 ipsis
680 794 1041 878 promptior
1086 793 1335 857 animus
1378 793 1548 857 foret
1592 792 1674 856 ad
1719 811 2059 877 capessen-

238 898 353 963 das
385 896 831 978 caerimoniae,
862 895 1197 960 decretum
1228 895 1572 960 Corneliae
1601 896 1857 982 virgini,
1897 916 2062 981 quae

232 1003 301 1068 in
343 1003 560 1068 locum
604 1002 901 1067 Scantiae
948 1000 1352 1086 capiebatur,
1413 998 1776 1065 sestertium
1820 998 2061 1064 viciens

234 1112 321 1186 et,
368 1107 665 1192 quotiens
696 1103 996 1189 Augusta
1022 1103 1349 1168 theatrum
1380 1103 1727 1185 introisset,
1771 1108 1844 1167 ut
1873 1102 2062 1167 sedes

232 1210 403 1275 inter
446 1209 808 1274 Vestalium
859 1207 1244 1273 consideret.
1382 1272 1384 1274 ,
2075 1229 2126 1269 25

368 1317 471 1380 1-7.
539 1313 845 1378 Cornelio
896 1312 1189 1397 Cethego
1235 1311 1508 1376 Visellio
1553 1310 1848 1376 Varrone
1909 1331 2059 1376 con-

240 1419 483 1484 sulibus
526 1417 865 1504 pontifices
912 1437 1266 1501 eorumque
1315 1416 1618 1502 exemplo
1670 1414 2058 1499 sacerdotes,

236 1544 383 1590 cum
443 1545 561 1607 pro
607 1521 1048 1587 incolumitate
1093 1521 1400 1607 principis
1442 1527 1596 1585 vota
1643 1521 2060 1604 susciperent,

231 1628 562 1694 Neronem
593 1646 851 1712 quoque
878 1632 943 1690 et
963 1626 1250 1691 Drusum
1279 1624 1489 1690 isdem
1521 1623 1620 1690 dis
1649 1623 2056 1690 commenda-

234 1752 409 1814 vere,
455 1753 589 1796 non
630 1736 764 1795 tam
813 1730 1079 1796 caritate
1111 1731 1416 1796 iuvenum
1443 1751 1634 1812 quam
1665 1729 2098 1811 adulatione,5

234 1857 399 1922 quae
444 1835 729 1902 moribus
774 1836 1089 1920 corruptis
1134 1833 1407 1920 perinde
1452 1854 1724 1918 anceps,
1783 1833 1838 1897 si
1881 1833 2056 1898 nulla

232 1947 299 2007 et
341 1940 454 2006 ubi
498 1940 713 2006 nimia.
776 1962 927 2005 nam
956 1939 1252 2005 Tiberius
1298 1938 1472 2004 haud
1501 1960 1805 2023 umquam
1837 1937 2057 2003 domui

233 2045 602 2111 Germanici
646 2046 851 2127 mitis,
916 2053 1051 2110 tum
1100 2066 1254 2109 vero
1303 2044 1563 2129 aequari
1609 2044 2056 2108 adulescentes

231 2154 532 2215 senectae
598 2169 753 2215 suae
828 2150 1219 2233 inpatienter
1297 2148 1606 2230 indoluit3
1689 2149 2054 2233 accitosque

230 2252 569 2337 pontifices
614 2258 1029 2335 percontatus
1074 2260 1173 2317 est
1200 2275 1355 2319 num
1385 2252 1456 2319 id
1485 2252 1784 2337 precibus
1813 2252 2054 2338 Agrip·
2073 2274 2125 2315 10

229 2357 421 2447 pinae
465 2361 575 2420 aut
606 2355 795 2420 minis
824 2356 1217 2421 tribuissent.
1288 2362 1355 2421 et
1386 2356 1482 2422 illi
1513 2355 1792 2442 quidem,
1831 2378 2050 2442 quam-

232 2479 421 2543 quam
466 2459 857 2543 abnuerent,
902 2460 1158 2525 modice
1203 2462 1527 2544 perstricti
1535 2487 1558 2543 3
1619 2463 1862 2527 etenim
1904 2483 2053 2548 pars

230 2583 467 2647 magna
512 2583 549 2627 e
591 2564 968 2648 propinquis
1012 2563 1215 2649 ipsius
1261 2569 1374 2628 aut
1415 2566 1733 2649 primores
1778 2566 2052 2630 civitatis

230 2671 446 2732 erant:
514 2666 583 2731 in
645 2672 873 2733 senatu
938 2668 1225 2733 oratione
1285 2668 1536 2734 monuit
1593 2668 1662 2733 in
1720 2676 2052 2754 posterum

228 2770 456 2856 nequis
494 2770 773 2835 mobiles
814 2771 1324 2837 adulescentium
1353 2772 1600 2837 animos
1631 2775 2052 2859 praematuris
2071 2800 2120 2840 15

225 2875 579 2942 honoribus
599 2876 683 2940 ad
709 2877 1074 2961 superbiam
1094 2877 1462 2943 extolleret.
1507 2878 2049 2965 instabat·quippe

226 2980 497 3046 Seianus
543 2980 1004 3065 incusabatque
1052 2980 1380 3047 diductam
1417 2982 1742 3049 civitatem
1779 2989 1852 3048 ut
1883 2983 2053 3047 civili

224 3084 433 3167 bello;
482 3104 626 3151 esse
672 3085 782 3171 qui
827 3107 895 3150 se
941 3086 1218 3171 partium
1249 3085 1653 3171 Agrippinae
1691 3095 1927 3153 vocent
1957 3109 2051 3169 ac,

226 3186 294 3249 ni
337 3188 703 3271 resistatur,
749 3186 901 3271 ssfore
946 3189 1179 3274 pluris3
1242 3210 1453 3275 neque
1500 3188 1678 3255 aliud
1723 3189 2052 3274 gliscentis

229 3289 592 3358 discordiae
648 3293 1009 3359 remedium
1066 3314 1257 3379 quam
1317 3295 1369 3357 si
1415 3316 1580 3359 unus
1625 3295 1872 3361 alterve
1916 3317 2052 3361 ma·
2071 3324 2122 3365 20

232 3393 409 3459 xime
455 3397 737 3483 prompti
782 3399 1329 3464 subverterentur.

1553 3536 1558 3541 -
1621 3498 1737 3555 10*
