2467 3900
653 247 730 286 AB
757 245 1009 286 EXCESSU
1035 246 1166 286 DIVI
1191 245 1448 286 AUGUSTI
1472 209 1537 287 1⁸V
1562 245 1733 286 57—60.
1984 241 2094 299 201

405 404 510 468 59.
571 401 672 468 Ac
717 405 882 470 forte
927 405 1054 469 illis
1102 403 1329 470 diebus
1376 405 1663 469 oblatum
1697 403 1958 469 Caesari
1989 426 2099 468 an-

277 532 430 595 ceps
487 510 842 595 periculum
901 509 1082 574 auxit
1136 530 1305 573 vana
1358 509 1635 573 rumoris
1679 509 2102 594 praebuitque

274 615 399 700 ipsi
442 615 778 678 materiem
826 634 938 678 eur
975 601 1295 678 amicitiae
1328 613 1853 696 constantiaeque
1884 611 2103 677 Seiani

274 718 478 802 magis
505 718 756 783 fideret.
821 718 1250 782 vescebantur
1279 717 1345 780 in
1375 717 1548 798 villa,
1584 716 1684 780 cui
1713 717 2104 782 vocabulum

277 823 657 908 Speluncae,
707 843 885 886 mare
916 821 1393 886 Amunclanum
1438 822 1608 886 inter
1653 827 1717 886 et
1751 823 2145 888 Fundanos5

273 935 545 1012 montes,
605 927 823 991 nativo
870 926 939 990 in
983 946 1202 1010 specu.
1295 925 1431 989 eius
1475 946 1547 988 os
1593 924 1787 1009 lapsis
1832 933 2099 1011 repente

273 1033 445 1097 saxis
507 1031 720 1096 obruit
777 1030 1094 1115 quosdam
1149 1029 1510 1094 ministros:
1568 1029 1718 1093 hinc
1776 1036 1987 1095 metus
2035 1033 2101 1094 in

275 1157 500 1200 omnes
547 1140 613 1200 et
647 1136 804 1218 fuga
834 1154 1079 1215 eorum,
1125 1132 1235 1218 qui
1269 1132 1636 1196 convivium
1668 1133 2100 1201 celebrabant.

273 1241 543 1306 Seianus
605 1259 780 1324 genu
841 1238 1146 1323 vultuque
1208 1243 1272 1301 et
1329 1236 1624 1301 manibus
1682 1258 1876 1322 super
1936 1237 2099 1302 an-

274 1365 482 1408 sarem
523 1363 872 1428 suspensus
907 1341 1208 1425 opposuit
1240 1361 1383 1405 sese
1414 1339 1865 1422 incidentibus,
1908 1346 2099 1424 atque
2120 1360 2171 1398 ιο

271 1449 495 1514 habitu
539 1449 654 1513 tali
695 1454 992 1532 repertus
1037 1453 1136 1512 est
1181 1466 1220 1508 a
1264 1444 1603 1526 militibus,
1662 1444 1771 1529 qui
1816 1444 2099 1509 subsidio

271 1561 599 1620 venerant.
689 1553 898 1617 maior
955 1572 1040 1616 ex
1099 1572 1176 1615 eo
1233 1558 1333 1634 et,
1393 1571 1781 1635 quamquam
1827 1551 2103 1615 exitiosa

273 1657 597 1740 suaderet,
640 1663 712 1720 ut
753 1677 885 1721 non
933 1656 1030 1720 sui
1062 1656 1313 1738 anxius,
1364 1678 1507 1720 cum
1538 1655 1667 1720 fide
1699 1655 2099 1722 audiebatur.

272 1752 826 1845 adsimulabatque
856 1758 1084 1824 iudicis
1113 1763 1331 1843 partes
1362 1757 1707 1824 adversum
1734 1759 2101 1825 Germanici

273 1867 565 1953 stirpem,
625 1865 897 1930 subditis
957 1863 1065 1948 qui
1119 1870 1566 1928 accusatorum
1610 1865 1872 1929 nomina
1916 1865 2102 1928 susti-
2120 1889 2171 1925 15

269 1980 500 2039 nerent
545 1973 954 2055 maximeque
999 1971 1470 2034 insectarentur
1506 1969 1837 2033 Neronem
1882 1970 2101 2053 proxi-

271 2098 445 2141 mum
491 2075 883 2141 successioni
930 2079 1018 2155 et,
1063 2094 1449 2158 quamquam
1490 2072 1788 2137 modesta
1817 2074 2099 2154 iuventa,

270 2182 649 2266 plerumque
708 2186 928 2244 tamen
987 2178 1142 2263 quid
1186 2180 1254 2243 in
1297 2178 1809 2262 praesentiarum
1858 2178 2098 2241 condu-

273 2290 450 2349 ceret
479 2283 768 2365 oblitum,
807 2284 960 2347 dum
993 2304 1032 2345 a
1058 2282 1308 2347 libertis
1338 2288 1404 2347 et
1436 2282 1775 2347 clientibus
1806 2282 2097 2366 apiscen-

273 2388 395 2451 dae
471 2387 800 2472 potentiae
873 2386 1168 2471 properis
1240 2387 1722 2451 exstimulatur:
1812 2392 2096 2452 erectum
2120 2411 2172 2449 20

273 2498 337 2557 et
379 2491 688 2557 fidentem
733 2492 930 2556 animi
975 2490 1144 2557 velle
1191 2491 1505 2575 populum
1549 2489 1935 2573 Romanum,
1990 2513 2096 2556 cu-

271 2615 427 2680 pere
487 2594 809 2659 exercitus
867 2614 1078 2678 neque
1137 2614 1441 2657 ausurum
1500 2600 1721 2658 contra
1773 2595 2096 2679 Seianum,

273 2698 379 2783 qui
435 2719 604 2763 nunc
661 2698 1038 2781 patientiam
1098 2698 1271 2762 senis
1332 2702 1397 2761 et
1451 2698 1793 2781 segnitiam
1847 2700 2097 2765 iuvenis

272 2802 455 2866 iuxta
498 2801 784 2865 insultet.

403 2908 504 2971 60.
567 2906 755 2971 Haec
812 2912 1004 2989 atque
1063 2906 1218 2969 talia
1282 2906 1571 2971 audienti
1627 2906 1789 2976 nihil
1834 2908 2095 2992 quidem

271 3032 508 3097 pravae
571 3010 1013 3094 cogitationis,
1072 3009 1191 3074 sed
1233 3010 1557 3076 interdum
1612 3032 1809 3077 voces
1868 3033 2095 3097 proce-

274 3115 512 3180 debant
557 3121 964 3179 contumaces
1011 3120 1076 3179 et
1120 3115 1556 3201 inconsultae,
1615 3138 1773 3201 quas
1818 3099 2098 3202 adpositi

275 3220 576 3284 custodes
622 3225 930 3305 exceptas
976 3225 1322 3304 auctasque
1357 3242 1501 3286 cum
1534 3220 1860 3286 deferrent
1885 3242 2096 3305 neque

275 3323 622 3390 defendere
672 3306 930 3389 daretur
978 3322 1271 3389 diversae
1301 3325 1564 3409 insuper
1594 3324 2139 3391 sollicitudinum5

272 3427 514 3492 formae
563 3428 949 3492 oriebantur.
1035 3448 1184 3491 nam
1230 3427 1393 3491 alius
1441 3448 1774 3491 occursum
1820 3428 1957 3493 eius
2000 3430 2093 3494 vi-
