2467 3900
405 239 433 293 1
445 239 517 294 10
1052 241 1332 282 CORNELII
1358 240 1555 280 'mom

400 422 623 467 rumve
683 402 826 485 quis
885 401 1206 464 coleretur
1251 399 1426 464 haud
1469 399 1656 464 facile
1702 399 1842 484 quis
1886 421 2228 464 numerum

400 504 635 569 inierit.
710 525 852 568 cum
903 510 1276 569 censeretur
1321 504 1565 588 clipeus
1611 525 1766 569 auro
1815 511 1879 568 et
1908 505 2226 588 magnitu-

334 630 385 669 15
404 610 552 674 dine
584 609 851 694 insignis
887 609 1055 674 inter
1092 614 1392 673 auctores
1425 609 1853 693 eloquentiae,
1885 609 2227 674 adsevera-

400 715 493 779 vit
536 713 831 778 Tiberius
878 714 1139 780 solitum
1181 732 1535 798 paremque
1567 713 1798 776 ceteris
1831 713 2226 777 dicaturum:

397 840 611 905 neque
659 819 829 883 enim
877 818 1315 902 eloquentiam
1358 817 1616 882 fortuna
1662 816 1936 880 discerni
1979 822 2045 881 et
2075 817 2228 879 satis

399 921 701 1005 inlustre,
774 922 830 986 si
905 925 1162 986 veteres
1232 922 1405 986 inter
1461 919 1804 1004 scriptores
1860 919 2229 983 haberetur.

401 1031 702 1111 equester
765 1024 923 1090 ordo
988 1044 1266 1088 cuneum
1313 1024 1682 1090 Germanici
1709 1023 2076 1108 'appellavit
2121 1026 2230 1107 qui

332 1147 383 1186 2⁰
398 1131 722 1194 iuniorum
740 1129 1072 1194 dicebatur
1081 1129 1484 1213 instituitque
1501 1129 1594 1192 uti
1613 1133 1863 1194 turmae
1878 1128 2104 1193 Idibus
2117 1128 2227 1192 Iu-

399 1235 501 1298 liis
524 1234 873 1318 imaginem
900 1237 1340 1317 sequerentur.
1385 1233 1694 1316 pleraque
1716 1239 2005 1296 manent:
2036 1252 2229 1316 quae-

404 1337 550 1402 dam
596 1339 811 1401 statim
859 1338 1097 1400 omissa
1140 1343 1289 1400 sunt
1335 1341 1446 1400 aut
1490 1341 1780 1401 vetustas
1817 1337 2228 1402 oblitteravit.

530 1442 635 1504 84.
706 1440 1013 1504 Ceterum
1076 1440 1324 1505 recenti
1399 1439 1610 1504 adhuc
1669 1441 1989 1506 maestitia
2047 1464 2230 1508 soror

404 1544 771 1613 Germanici
814 1543 1001 1609 Livia
1058 1548 1262 1626 nupta
1304 1543 1522 1607 Druso
1575 1543 1737 1607 duos
1783 1544 1988 1609 virilis
2033 1567 2229 1610 sexus

400 1648 593 1712 simul
656 1649 849 1712 enixa
905 1653 1023 1711 est.
1115 1647 1289 1732 quod
1345 1667 1561 1711 rarum
1617 1648 1984 1733 laetumque
2034 1650 2228 1714 etiam

400 1753 671 1817 modicis
716 1752 1057 1836 penatibus
1098 1757 1277 1816 tanto
1312 1751 1548 1836 gaudio
1582 1752 1939 1836 principem
1971 1754 2227 1836 adfecit,

357 1865 473 1922 ⁶ut
533 1879 666 1921 non
721 1856 1183 1941 temperaverit
1241 1857 1395 1940 quin
1455 1857 1726 1920 iactaret
1771 1857 1945 1941 apud
1988 1865 2226 1943 patreS,

397 1962 557 2027 nulli
614 1968 762 2027 ante
808 1960 1256 2025 Romanorum
1300 1960 1595 2025 eiusdem
1620 1961 1879 2045 'fastigii
1925 1964 2064 2029 viro
2113 1986 2228 2048 ge-

398 2067 637 2131 minam
665 2067 930 2149 stirpem
962 2064 1234 2147 editam3
1267 2086 1416 2129 nam
1447 2071 1694 2149 cuncta,
1727 2069 1920 2130 etiam
1943 2068 2226 2150 fortuita,

399 2172 482 2236 ad
527 2170 803 2255 gloriam
849 2169 1161 2233 vertebat.
1238 2169 1357 2233 sed
1401 2170 1644 2253 populo
1685 2170 1800 2234 tali
1831 2170 1898 2232 in
1929 2176 2226 2255 tempore

398 2274 469 2340 id
512 2296 768 2359 quoque
818 2272 1114 2338 dolorem
1159 2273 1328 2357 tulit,
1376 2280 1703 2359 tamquam
1750 2280 1975 2339 auctus
2005 2276 2228 2340 liberis

334 2397 385 2437 10
400 2379 650 2443 Drusus
698 2378 961 2442 domum
1008 2378 1376 2443 Grermanici
1421 2380 1626 2463 magis
1671 2386 2001 2463 urgueret.

532 2484 635 2546 85.
698 2482 952 2547 Eodem
1010 2502 1175 2547 anno
1237 2488 1451 2547 actum
1512 2483 1592 2547 de
1640 2485 1837 2548 sacris
1882 2484 2228 2569 Aegyptiis

400 2586 807 2669 Iudaicisque
864 2585 1186 2669 pellendis
1246 2587 1612 2669 factumque
1669 2591 1922 2671 patrum
1973 2587 2226 2650 consul-

400 2696 557 2772 tum,
590 2694 661 2753 ut
692 2694 993 2774 quattuor
1021 2688 1196 2752 milia
1222 2690 1504 2754 libertini
1533 2690 1790 2774 generis
1819 2710 1896 2754 ea
1919 2690 2227 2774 supersti-

402 2794 580 2859 tione
624 2794 884 2875 infecta,
930 2794 1072 2873 quis
1117 2792 1358 2858 idonea
1403 2798 1599 2875 aetaS,
1645 2794 1713 2858 in
1757 2794 2031 2858 insulam
2079 2794 2226 2859 Sar-

361 2916 386 2954 5
406 2897 643 2961 diniam
690 2897 1079 2961 veherentur
1112 2897 1489 2962 coercendis
1518 2898 1649 2962 illic
1677 2896 2056 2963 latrociniis:
2106 2901 2226 2963 etsi

406 3002 486 3066 ob
535 3000 919 3085 gravitatem
951 3000 1123 3089 caeli,
1142 3001 1528 3083 interissent,
1573 3002 1701 3065 vile
1736 3001 2072 3085 damnum3
2121 3024 2225 3067 ce-

402 3105 526 3170 teri
571 3103 882 3169 >cederent
925 3102 1146 3185 Italia,
1206 3105 1332 3168 nisi
1380 3110 1619 3169 certam
1664 3105 2034 3170 antediem
2078 3126 2227 3191 pro-

401 3210 585 3276 fanos
628 3210 788 3274 ritus
834 3209 1184 3274 exuissent.

532 3316 637 3379 86.
699 3314 861 3377 Post
905 3334 1068 3397 quae
1114 3314 1365 3377 rettulit
1395 3313 1633 3379 Caesar
1680 3314 2060 3399 capiendam
2098 3317 2225 3381 vir-

403 3418 622 3502 ginem
676 3418 743 3480 in
799 3417 1015 3481 locum
1074 3416 1345 3499 Occiae,
1405 3440 1567 3511 quae
1633 3425 1884 3505 septem
1933 3429 1998 3487 et
2043 3422 2225 3507 quin-
