2467 3900
384 247 495 303 162
1019 251 1322 292 'oonnnnn
1349 251 1544 291 erom

310 433 360 473 ιο
378 411 673 477 refertur.
762 410 1244 475 multitudinem
1287 417 1742 476 veteranorum
1784 412 2212 496 praetexebat

377 516 732 599 imperator
763 519 830 578 et
862 513 1205 578 dilectibus
1239 514 1636 600 supplendos
1668 515 2026 580 exercitus:
2058 538 2207 581 nam

377 618 809 684 voluntarium
858 617 1123 684 militem
1159 617 1386 683 deesse
1419 641 1512 699 ac,
1559 620 1613 683 si
1643 620 2034 704 suppeditet,
2078 642 2208 686 non

380 721 612 788 eadem
655 722 891 787 virtute
928 743 1003 786 ac
1034 723 1354 788 modestia
1386 744 1603 808 agere,
1648 725 1798 809 quia
1827 725 2205 812 plerumque

378 830 608 912 inopes
652 849 727 890 ac
772 828 925 912 vagi
966 835 1199 911 sponte
1247 829 1540 894 militiam
1585 837 1858 895 sumant.
1939 853 2208 917 percen-

310 961 361 999 15
380 933 632 1016 suitque
689 932 923 995 cursim
978 929 1321 997 numerum
1365 933 1696 1017 legionum
1743 941 1810 999 et
1855 957 2014 1020 quas
2054 956 2206 1021 pro-

376 1036 617 1101 vincias
662 1041 1043 1100 tutarentur.
1116 1031 1310 1122 quod
1336 1038 1494 1103 mihi
1541 1059 1798 1124 quoque
1844 1061 2205 1124 exsequen-

378 1143 531 1207 dum
578 1162 743 1214 reor,
792 1161 957 1225 quae
1002 1147 1157 1206 tunc
1187 1140 1486 1206 Romana
1525 1143 1711 1228 copia
1741 1144 1807 1207 in
1838 1145 2048 1226 armis,
2095 1145 2212 1228 qui

376 1247 535 1312 socii
578 1265 788 1329 regeS,
836 1251 1075 1328 quanto
1121 1246 1456 1331 angustius
1501 1248 1960 1333 imperitatum.

508 1353 569 1415 5.
616 1350 874 1415 Italiam
904 1357 1177 1434 utroque
1211 1352 1372 1415 mari
1401 1351 1567 1416 duae
1598 1353 1852 1435 classes,
1883 1353 2204 1418 Misenum

378 1462 532 1542 aput
592 1465 657 1522 et
715 1456 1127 1538 Ravennam,
1182 1456 1682 1542 proximumque
1745 1455 1995 1523 Galliae
2053 1459 2206 1522 litus

376 1567 691 1625 rostratae
747 1580 946 1625 naves
1005 1560 1497 1645 praesidebant,
1557 1582 1715 1646 quas
1762 1561 2032 1626 Actiaca
2075 1562 2206 1626 vic-

376 1667 543 1730 toria
603 1672 819 1750 captas
877 1664 1212 1748 Augustus
1270 1665 1334 1729 in
1395 1665 1702 1750 oppidum
1758 1667 2207 1732 Foroiuliense

336 1771 643 1835 5miserat
686 1769 899 1834 valido
950 1791 1091 1834 cum
1138 1769 1410 1854 remige.
1475 1769 1602 1834 sed·
1635 1771 2056 1855 praecipuum
2099 1791 2204 1833 ro-

378 1875 499 1941 bur
527 1871 829 1938 Rhenum
858 1874 1058 1958 iuxta,
1093 1893 1432 1939 commune
1465 1875 1530 1937 in
1563 1873 1922 1938 Germanos
1953 1872 2206 1937 Gallos-

380 2000 504 2065 que
561 1978 946 2061 subsidium,
1006 1985 1149 2045 octo
1210 1980 1506 2061 legiones
1561 1985 1763 2043 erant.
1851 1978 2206 2063 Hispaniae

378 2104 605 2149 recens
630 2066 1031 2168 perdomitae
1062 2083 1265 2147 tribus
1289 2083 1707 2148 habebantur.
1756 2085 2020 2149 Mauros
2040 2082 2205 2147 Iuba

377 2211 495 2255 rex
526 2193 867 2273 acceperat
894 2186 1135 2253 donum
1164 2189 1389 2273 populi
1418 2188 1718 2255 Romani.
1789 2193 2004 2253 cetera
2030 2188 2204 2252 Afri-

308 2313 357 2351 10
380 2316 491 2360 cae
538 2314 655 2379 per
701 2293 861 2357 duas
904 2294 1199 2378 legiones
1235 2294 1505 2377 parique
1536 2314 1806 2359 numero
1837 2292 2203 2377 AegyptuS,

379 2399 612 2462 dehinc
656 2398 839 2462 initio
886 2398 966 2461 ab
996 2397 1219 2462 Suriae
1266 2418 1466 2482 usque
1513 2398 1595 2461 ad
1637 2398 1878 2462 flumen
1907 2394 2203 2480 Euphra-

376 2509 507 2585 ten,
552 2508 862 2588 quantum
892 2504 1139 2586 ingenti
1169 2508 1486 2566 terrarum
1517 2502 1658 2565 sinu
1690 2501 1989 2582 ambitur,
2021 2506 2205 2585 quat-

375 2615 524 2671 tuor
552 2605 915 2687 legionibus
945 2607 1247 2689 coercita,
1279 2606 1513 2671 accolis
1539 2606 1789 2671 Hibero
1816 2604 2204 2689 Albanoque

378 2718 444 2775 et
505 2711 646 2777 aliis
702 2712 997 2797 regibus,
1058 2712 1165 2795 qui
1222 2710 1666 2795 magnitudine
1720 2702 1941 2774 nostra
1984 2717 2204 2795 prote-

307 2829 357 2868 15
376 2821 614 2898 guntur
660 2815 1001 2881 adversum
1048 2824 1321 2880 externa
1364 2814 1654 2899 imperia.
1731 2823 1797 2878 et
1824 2813 2204 2879 Thraeciam

375 2917 874 2983 Rhoemetalces
921 2940 996 2983 ac
1041 2918 1225 2983 liberi
1268 2918 1512 3002 Cotyis,
1557 2918 1892 3002 ripamque
1923 2917 2206 2982 Danuvii

375 3022 703 3105 legionum
749 3022 912 3086 duae
958 3021 1023 3085 in
1068 3021 1432 3103 Pannonia,
1490 3022 1654 3087 duae
1699 3023 1767 3087 in
1810 3023 2062 3088 Moesia
2105 3030 2201 3087 at-

374 3128 697 3209 tinebant,
756 3125 1031 3192 totidem
1076 3125 1248 3212 apud
1292 3125 1686 3191 Delmatiam
1730 3128 1991 3209 locatis,
2037 3146 2203 3211 quae

373 3232 589 3315 positu
650 3231 933 3314 regionis
991 3252 1029 3293 a
1081 3235 1268 3312 tergo
1327 3229 1456 3294 illis
1513 3252 1619 3311 ac,
1685 3230 1739 3295 si
1793 3232 2202 3316 repentinum

305 3357 355 3396 20
376 3336 683 3399 auxilium
726 3335 915 3400 Italia
959 3342 1292 3420 posceret,
1335 3335 1508 3401 haud
1552 3337 1779 3421 procul
1825 3336 2202 3417 accirentur‚

378 3457 763 3520 quamquam
819 3438 1132 3505 insideret
1175 3439 1401 3503 urbem
1448 3439 1746 3523 proprius
1791 3439 2011 3521 miles,
2069 3444 2203 3503 tres
