2467 3900
421 193 494 250 58
1083 196 1359 236 CORNELII
1386 195 1579 255 ΓξΑΟῙΤῙ

419 359 743 443 professos
805 354 1142 436 disseruit,
1216 374 1489 436 quorum
1549 352 1812 415 nomina
1870 349 2252 413 consulibus

420 461 760 542 edidisset3
825 480 1016 544 posse
1077 463 1142 522 et
1187 459 1381 539 alios,
1446 457 1501 520 si
1544 457 1791 540 gratiae
1838 461 1950 519 aut
1994 453 2253 518 meritis

420 565 846 629 confiderent:
879 563 1172 648 speciosa
1201 561 1436 641 verbis,
1460 582 1529 624 re
1560 561 1776 623 inania
1806 565 1915 622 aut
1946 559 2252 638 subdola,

419 673 783 753 quantoque
829 667 1075 748 ⁴maiore
1135 665 1449 728 libertatis
1496 665 1778 748 imagine
1830 665 2251 747 tegebantur,

348 804 397 840 15
415 779 592 838 tanto
643 778 947 857 eruptura
992 771 1070 834 ad
1120 770 1429 833 infensius
1476 769 1859 832 servitium·

833 1125 1369 1210 CORNELII
1430 1123 1817 1208 TAOITI

619 1299 752 1371 AB
807 1288 1519 1370 EXCESSU'DIVI
1573 1293 2017 1368 AUGUSTI

1137 1451 1384 1509 LIBER
1426 1450 1509 1508 Π.

542 1705 597 1768 1.
661 1704 931 1768 Sisenna
953 1703 1203 1768 Statilio
1235 1703 1310 1766 L.
1343 1703 1591 1767 Libone
1642 1703 2009 1766 consulibus
2056 1708 2245 1764 mota

411 1811 674 1874 orientis
705 1831 906 1894 regna
936 1809 1439 1894 provinciaeque
1461 1807 1815 1889 Romanae,
1848 1806 2028 1870 initio
2061 1804 2241 1891 apud

407 1915 682 1979 Parthos
743 1922 916 1997 ort0,
984 1914 1092 1999 qui
1156 1915 1432 1999 petitum
1491 1911 1705 1977 Roma
1768 1916 2239 1995 acceptumque

405 2041 652 2103 regern,
690 2020 978 2104 quamvis
1024 2020 1235 2103 gentis
1266 2016 1745 2097 Arsacidarum,
1791 2022 1862 2078 ut
1889 2019 2235 2077 externum

364 2126 935 2209 5aspernabantur.
1052 2145 1200 2188 nam
1263 2123 1577 2187 Phraates
1655 2141 2041 2205 quamquam
2120 2119 2237 2181 de-

407 2229 677 2314 pulisset
723 2228 1044 2291 exercitus
1080 2227 1407 2310 ducesque
1444 2226 1796 2307 Romanos»,
1846 2229 2075 2288 cuncta
2120 2244 2235 2287 ve-

407 2332 766 2395 nerantium
850 2331 1057 2395 officia
1134 2331 1217 2394 ad
1290 2330 1657 2415 Augustum
1727 2334 2011 2395 verterat
2045 2347 2047 2351 “
2084 2349 2233 2413 par-

407 2440 667 2518 temque
713 2434 912 2519 prolis
956 2420 1306 2499 firmandae
1353 2435 1671 2498 amicitiae
1718 2434 2009 2513 miserat,
2058 2431 2235 2495 haud

408 2522 684 2624 perinde
765 2538 969 2601 nostri
1056 2543 1234 2601 metu
1312 2557 1503 2621 quam
1590 2536 1744 2601 fidei
1824 2535 2237 2622 popularium

339 2680 390 2719 10
411 2641 675 2707 diffisus,

536 2749 597 2810 2.
661 2746 822 2811 Post
865 2746 1058 2811 finem
1103 2744 1399 2811 Phraatis
1448 2751 1513 2809 et
1556 2745 1961 2828 sequentium
2005 2763 2239 2828 regum

409 2853 490 2916 ob
536 2852 818 2915 internas
850 2849 1083 2915 caedes
1113 2870 1353 2914 venere
1400 2850 1464 2912 in
1511 2850 1740 2913 urbem
1782 2849 1984 2932 legati
2028 2870 2065 2912 a
2101 2848 2235 2934 pri-

406 2956 690 3019 moribus
719 2954 996 3036 Parthis,
1029 2955 1138 3038 qui
1156 2955 1502 3018 Vononem
1534 2952 2039 3018 vetustissimum
2067 2952 2234 3016 libe-

405 3080 624 3123 rorum
673 3058 809 3121 eius
855 3058 1155 3121 accirent.
1221 3057 1629 3141 magnificum
1675 3056 1743 3121 id
1790 3057 1912 3121 sibi
1960 3056 2237 3121 credidit

389 3164 649 3227 Caesar
714 3161 1020 3244 auxitque
1082 3162 1332 3247 opibus.
1439 3167 1505 3226 et
1580 3182 1892 3246 accepere
1972 3161 2234 3225 barbari

364 3269 759 3347 5laetanteS,
814 3270 884 3328 ut
941 3264 1143 3347 ferme
1203 3286 1375 3328 nova
1430 3264 1720 3350 imperia.
1822 3286 1976 3328 mox
2034 3263 2234 3327 subiit

410 3370 618 3456 pudor
679 3360 1547 3450 degeneravisse'Parthos:
1613 3370 1887 3454 petitum
1954 3369 2080 3432 alio
2145 3390 2233 3433 ex
