2467 3900
341 243 450 300 188
1009 243 1286 285 CORNELII
1315 242 1510 282 'rAcrrI

339 423 462 487 que
489 402 699 466 attolli
731 399 1106 485 provideret
1129 422 1323 485 quem
1350 401 1801 465 coniunctione
1834 398 1946 462 tali
1966 419 2164 483 super

339 506 498 569 alios
557 505 930 586 extulisset,
999 503 1073 569 O.
1119 504 1535 570 Proculeium
1598 511 1664 568 et
1724 504 2039 588 quosdam
2096 503 2166 566 in

339 609 741 676 sermonibus
765 608 990 674 habuit
1011 608 1248 692 insigni
1270 608 1729 692 tranquillitate
1753 608 1942 690 vitae,
1973 607 2169 671 nullis

339 717 436 781 rei
461 715 758 800 publicae
782 713 1062 797 negotiis
1094 713 1471 797 permixtos,
1528 712 1646 776 sed
1680 712 1734 776 si
1764 711 2167 776 dubitatione

271 846 322 884 35
339 818 621 902 Augusti
667 838 1032 900 movemur,
1091 823 1329 901 quanto
1389 817 1667 882 validius
1725 818 1901 901 quod
1943 817 2165 882 Marco

341 922 695 1007 Agrippae,
739 942 898 984 mox
931 921 1088 984 mihi
1135 922 1545 986 conlocavit?
1608 927 1800 1006 atque
1844 941 1967 1005 ego
2004 922 2171 986 haec

343 1047 460 1111 pro
523 1023 804 1089 amicitia
848 1045 980 1088 non
1027 1025 1378 1090 occultavi:
1443 1031 1731 1090 ceterum
1785 1045 1995 1108 neque
2041 1025 2173 1090 tuis

343 1151 556 1215 neque
618 1128 846 1194 Liviae
911 1128 1247 1194 destinatis
1306 1129 1719 1194 adversabor.
1810 1130 1952 1213 ipse
2014 1128 2173 1212 quid

343 1237 510 1302 intra
555 1234 840 1298 animum
879 1233 1329 1314 volutaverim‚
1376 1233 1607 1318 quibus
1650 1233 1859 1297 adhuc
1889 1233 2174 1297 necessi-

274 1363 328 1402 40
345 1339 673 1404 tudinibus
716 1338 1054 1402 inmiscere
1113 1344 1179 1402 te
1231 1338 1391 1403 mihi
1436 1358 1695 1424 parem,
1754 1339 2045 1402 omittam
2090 1336 2179 1400 ad

348 1466 654 1531 praesens
700 1444 978 1510 referre:
1039 1442 1108 1506 id
1152 1448 1403 1508 tantum
1449 1444 1771 1528 aperiam,
1829 1442 1988 1506 nihil
2041 1448 2175 1505 tam

350 1548 700 1629 excelsum,
746 1547 919 1630 quod
965 1569 1096 1612 non
1140 1547 1413 1612 virtutes
1458 1548 1620 1611 istae
1650 1551 1927 1630 tuusque
1972 1547 2037 1609 in
2070 1567 2176 1610 me

350 1653 600 1717 animus
629 1655 1016 1733 mereantur,
1066 1651 1349 1736 datoque
1380 1657 1675 1736 tempore
1707 1651 1817 1715 vel
1848 1651 1917 1715 in
1948 1656 2179 1715 senatu

348 1758 455 1823 vel
499 1757 565 1820 in
612 1756 912 1821 contione
957 1778 1089 1822 non
1133 1754 1466 1822 reticebo.‘

483 1863 590 1925 41.
647 1859 931 1924 Rursum
962 1860 1253 1943 Seianus,
1298 1882 1431 1924 non
1474 1861 1601 1924 iam
1648 1860 1731 1924 de
1765 1859 2178 1924 matrimonio

353 1965 470 2032 sed
515 1966 706 2029 altius
743 1970 1059 2049 metuenS,
1105 1965 1302 2029 tacita
1344 1964 1803 2049 suspicionum,
1848 1965 2027 2048 vulgi
2072 1985 2183 2028 ru-

354 2091 628 2153 morem,
675 2070 1086 2155 ingruentem
1130 2069 1437 2134 invidiam
1485 2070 1893 2154 deprecatur.
1978 2092 2053 2134 ac
2096 2091 2182 2135 ne

354 2173 661 2239 adsiduos
719 2174 785 2238 in
844 2172 1109 2236 domum
1174 2178 1398 2237 coetus
1460 2174 1741 2239 arcendo
1799 2174 2184 2257 infringeret

315 2306 338 2344 5
356 2278 716 2363 potentiam
740 2282 852 2340 aut
873 2278 1267 2362 receptando
1295 2278 1670 2347 facultatem
1698 2280 2185 2345 criminantibus

357 2381 720 2468 praeberet,
764 2381 892 2445 huc
919 2382 1120 2464 flexit,
1161 2389 1240 2446 ut
1284 2381 1614 2445 Tiberium
1658 2382 1745 2446 ad
1788 2383 1987 2447 vitam
2031 2403 2183 2467 pro-

361 2489 464 2552 cul
517 2486 730 2550 Roma
791 2487 1082 2551 amoenis
1146 2486 1307 2549 locis
1370 2484 1740 2569 degendam
1800 2486 2188 2571 impelleret.

357 2594 561 2657 multa
623 2592 861 2676 quippe
923 2592 1341 2677 providebat:
1418 2612 1535 2654 sua
1590 2590 1658 2654 in
1714 2610 1909 2654 manu
1974 2589 2189 2653 aditus

359 2697 844 2781 litterarumque
905 2718 1140 2781 magna
1191 2717 1277 2760 ex
1320 2700 1507 2780 parte
1554 2715 1623 2760 se
1672 2694 1982 2759 arbitrum
2026 2693 2189 2775 fore,

293 2832 344 2872 10
363 2822 510 2865 cum
577 2819 694 2885 per
757 2798 996 2863 milites
1065 2802 1537 2863 commearent:
1617 2818 1776 2861 mox
1842 2797 2192 2862 Gaesarem

359 2911 671 2991 vergente
731 2905 860 2968 iam
919 2909 1180 2969 senecta
1242 2910 1625 2988 secretoque
1676 2902 1807 2967 loci
1868 2902 2192 2966 mollitum

361 3009 579 3077 munia
623 3008 879 3093 imperii
922 3008 1174 3074 facilius
1213 3008 1687 3088 tramissurum3
1737 3013 1803 3071 et
1836 3006 2039 3070 minui
2070 3005 2195 3070 sibi

362 3115 671 3180 invidiam
734 3112 1038 3197 adempta
1093 3114 1486 3176 salutantum
1545 3111 1733 3175 turba
1796 3110 2193 3193 sublatisque

365 3218 664 3283 inanibus
718 3238 874 3281 vera
936 3217 1228 3299 potentia
1290 3216 1534 3301 vigere.
1623 3216 1820 3301 igitur
1882 3214 2196 3299 paulatim

301 3350 353 3387 15
367 3322 632 3405 negotia
674 3319 871 3402 urbis,
917 3320 1142 3403 populi
1185 3319 1517 3402 adcursus,
1563 3318 2043 3383 multitudinem
2077 3317 2194 3381 ad-

369 3424 703 3489 fluentium
747 3424 1058 3509 increpat,
1106 3424 1428 3489 extollens
1464 3423 1763 3487 laudibus
1802 3422 2088 3507 quietem
2129 3428 2199 3487 et
