2467 3900
645 268 719 307 AB
746 266 999 307 EXCESSU
1024 265 1154 307 DIVI
1180 264 1437 306 AUGUSTI
1461 263 1524 303 1v
1554 261 1724 303 72-74.
1987 258 2095 313 211

184 497 191 501 ,
279 446 436 490 mox
482 431 881 510 compertum
926 431 1294 508 nongentos
1321 422 1769 488 Romanorum
1798 422 1971 507 apud
2002 423 2099 486 lu-

285 551 430 594 cum
461 549 654 614 quem
683 529 1126 594 Baduhennae
1156 533 1395 592 vocant
1423 549 1643 612 pugna
1671 527 1739 590 in
1769 532 2101 612 posterum

282 639 574 700 extracta
617 632 945 698 confectos
978 638 1044 697 et
1073 631 1266 696 aliam
1302 631 1923 718 quadringentorum
1966 651 2101 694 ma-

283 761 436 805 num
499 745 810 824 occupata
859 735 1263 821 Cruptorigis
1322 734 1647 820 quondam
1702 735 2101 820 stipendiarii

282 843 452 921 villa,
499 848 843 928 postquam
887 839 1169 924 proditio
1213 838 1641 915 metuebatur,
1686 839 1925 903 mutuis
1956 839 2171 903 icti-30

278 947 399 1011 bus
441 945 881 1032 procubuisse.

411 1054 514 1116 74.
582 1049 843 1114 Clarum
915 1047 1065 1112 inde
1138 1047 1308 1111 inter
1384 1048 1745 1113 Germanos
1819 1046 2096 1111 Frisium

278 1179 536 1238 nomen,
585 1154 1024 1218 dissimulante
1054 1152 1317 1217 Tiberio
1352 1151 1605 1234 damna,
1636 1152 1825 1216 necui
1854 1152 2095 1216 bellum

278 1252 706 1346 permitteret.
781 1278 996 1342 neque
1043 1263 1271 1322 senatu
1316 1276 1499 1340 cura,
1558 1277 1639 1320 an
1678 1255 1939 1338 imperii
1985 1277 2100 1320 ex-

277 1372 484 1428 trema
545 1361 1157 1428 dehonestarentur:
1219 1381 1422 1446 pavor
1476 1361 1764 1425 internus
1824 1381 2096 1446 occupa-

277 1476 464 1534 verat
485 1468 858 1551 animusque
883 1465 1253 1530 adulatione
1273 1464 1721 1549 quaerebatur.
1767 1464 1859 1529 ita
1877 1486 2098 1549 quam·
2122 1491 2145 1529 5

281 1593 470 1658 quam
528 1570 799 1636 diversis
857 1590 1049 1655 super
1105 1570 1301 1634 rebus
1348 1569 1865 1650 consulerentur,
1926 1590 2099 1635 aram

284 1673 702 1756 Clementiae,
724 1695 898 1738 aram
916 1661 1261 1737 Amicitiae
1284 1673 1656 1758 effigiesque
1681 1673 1917 1738 circum
1936 1672 2099 1738 an-

283 1778 439 1842 saris
485 1798 560 1841 ac
588 1776 806 1842 Seiani
853 1797 1162 1841 censuere
1197 1776 1564 1860 crebrisque
1595 1777 1893 1862 precibus
1925 1777 2099 1842 effla-

280 1882 568 1968 gitabant
612 1881 867 1947 visendi
913 1881 1166 1966 copiam
1201 1879 1509 1946 facerent.
1584 1904 1715 1947 non
1760 1881 1855 1946 illi
1883 1889 2099 1947 tamen

278 1987 344 2051 in
373 1987 602 2051 urbem
633 1992 743 2049 aut
772 1986 1136 2071 propinqua
1162 1985 1310 2049 urbi
1341 1984 1663 2068 degressi:
1708 1987 1864 2051 satis
1894 1986 2099 2050 visum
2121 2008 2171 2046 ιο

283 2090 578 2156 omittere
625 2089 900 2154 insulam
931 2094 996 2154 et
1026 2089 1095 2152 in
1124 2088 1423 2173 proximo
1460 2088 1849 2173 Campaniae
1881 2090 2099 2174 aspici.

279 2195 500 2259 venire
553 2200 790 2277 patros,
837 2193 1122 2277 equiteS,
1167 2214 1403 2277 magna
1445 2214 1595 2277 pars
1639 2194 1881 2278 plebiS,
1927 2194 2102 2258 anxii

284 2317 437 2380 erga
468 2295 793 2376 Seianum,
841 2297 1020 2360 cuius
1067 2295 1289 2360 durior
1319 2317 1702 2381 congressus
1747 2303 1939 2382 atque
1986 2318 2103 2382 per

224 2456 229 2461 .
282 2400 593 2465 ambitum
625 2405 690 2465 et
722 2401 1030 2467 societate.
1063 2400 1480 2465 consiliorum
1508 2398 1871 2485 parabatur.
1949 2403 2102 2466 satis

283 2500 618 2567 constabat
680 2508 932 2568 auctam
989 2504 1439 2586 adrogantiam
1495 2504 1762 2570 foedum
1817 2506 1981 2571 illud
2034 2507 2101 2570 in
2122 2527 2173 2566 15

281 2608 621 2694 propatulo
649 2609 980 2675 servitium
1004 2611 1355 2693 spectanti3
1396 2610 1635 2694 quippe
1659 2608 1909 2680 Romae
1934 2611 2103 2675 sueti

283 2711 604 2776 discursus
637 2719 703 2776 et
723 2711 1162 2796 magnitudine
1187 2713 1365 2777 urbis
1388 2712 1702 2777 incertum
1730 2714 1905 2797 quod
1930 2714 2100 2798 quis-

281 2835 407 2899 que
467 2814 551 2879 ad
607 2816 941 2899 negotium
986 2822 1249 2899 pergat:
1308 2816 1399 2879 ibi
1458 2835 1684 2900 campo
1746 2824 1856 2881 aut
1912 2818 2101 2883 litore

287 2920 572 2984 iacentes
630 2919 806 2983 nullo
869 2918 1234 2983 discrimine
1279 2924 1535 2983 noctem
1584 2940 1659 2983 ac
1704 2920 1875 2985 diem
1922 2921 2103 2985 iuxta

280 3024 554 3107 gratiam
585 3029 694 3087 aut
721 3023 922 3087 fastus
947 3024 1289 3087 ianitorum
1315 3022 1859 3107 perpetiebantur,
1894 3022 2103 3089 donec
2120 3054 2172 3093 20

280 3128 347 3192 id
378 3148 634 3212 quoque
664 3128 970 3192 vetitum:
1020 3132 1085 3191 et
1113 3146 1425 3191 revenere
1465 3126 1533 3189 in
1577 3126 1802 3190 urbem
1843 3126 2102 3211 trepidi,

282 3251 444 3316 quos
473 3253 605 3297 non
634 3250 953 3312 sermone,
984 3251 1115 3295 non
1145 3232 1289 3295 visu
1323 3230 1623 3314 dignatus
1655 3235 1810 3313 erat,
1843 3230 2103 3314 quidam

283 3335 448 3399 male
499 3336 784 3417 ‚alacre8,
845 3334 1076 3420 quibus
1135 3337 1450 3401 infaustae
1510 3336 1827 3400 amicitiae
1888 3337 2103 3420 gravis

284 3439 496 3503 exitus
532 3439 904 3504 inminebat.
