2467 3900
415 198 488 254 68
1080 200 1360 240 cominu
1386 199 1581 238 mom

412 362 723 444 astiterant,
771 362 837 424 in
883 360 1108 425 silvam
1136 358 1428 422 ruebant.
1490 355 1687 420 medii
1716 355 1884 418 inter
1915 355 2035 418 hos
2072 355 2252 419 Che-

409 468 577 532 rusci
638 466 904 531 collibus
955 463 1491 543 detrudebantur,
1547 461 1715 524 inter
1761 479 1923 544 quos
1969 460 2255 543 insignis

412 570 736 634 Arminius
781 590 974 632 manu
1013 588 1174 633 voce
1207 567 1470 630 vulnere
1503 564 1903 628 sustentabat
1932 583 2251 649 pugnam.

340 695 390 734 15
409 674 911 757 incubueratque
973 670 1320 754 sagittariis
1380 669 1491 732 illa
1547 674 1882 752 rupturuS,
1941 667 2010 732 ni
2067 668 2251 732 Rae-

409 786 622 843 torum
648 777 1264 861 Vindelicorumque
1304 780 1367 838 et
1401 773 1688 838 Gallicae
1721 773 2022 837 cohortes
2054 775 2253 857 signa

411 883 815 948 obiecissent.
899 882 1045 945 nisu
1089 887 1307 943 tamen
1353 877 1638 962 corporis
1686 881 1750 941 et
1793 877 2042 963 impetu
2092 879 2253 961 equi

406 987 707 1073 pervasit,
755 985 990 1050 oblitus
1022 985 1254 1048 faciem
1286 1005 1419 1058 suo,
1438 1001 1684 1064 cruore,
1722 1001 1803 1046 ne
1835 990 2247 1046 nosceretur.

407 1089 663 1175 quidam
711 1089 1044 1173 adgnitum
1088 1110 1126 1152 a
1160 1086 1436 1151 Chaucis
1475 1085 1643 1149 inter
1674 1085 1913 1150 auxilia
1938 1085 2249 1151 Romana

336 1212 388 1251 20
407 1196 744 1278 agentibus
772 1194 1199 1277 emissumque
1224 1190 1652 1254 tradiderunt.
1698 1191 1900 1254 virtus
1922 1211 2039 1254 seu
2060 1191 2245 1255 fraus

408 1298 634 1363 eadem
669 1298 1080 1381 Inguiomero
1129 1296 1443 1379 effugium
1488 1293 1699 1358 dedit:
1748 1295 1946 1359 ceteri
1990 1294 2245 1379 passim

403 1403 722 1468 trucidati.
800 1409 866 1466 et
909 1402 1253 1486 plerosque
1285 1407 1537 1464 tranare
1567 1398 1896 1482 Visurgim
1926 1407 2243 1464 conantes

402 1508 638 1572 iniecta
667 1507 939 1571 tela.aut
969 1506 1064 1569 vis
1094 1505 1393 1586 fluminis,
1439 1509 1767 1587 postremo
1801 1503 2007 1567 moles
2039 1525 2240 1568 ruen-

400 1613 561 1676 tium
609 1618 674 1676 et
717 1609 1075 1674 incidentes
1122 1608 1298 1692 ripae
1348 1627 1683 1692 operuere.
1754 1607 2015 1689 quidam
2061 1608 2241 1693 turpi

333 1740 384 1778 25
401 1715 552 1801 fuga
597 1715 664 1778 in
711 1735 959 1778 summa
1003 1714 1303 1779 arborum
1349 1711 1669 1795 ramisque
1714 1733 1784 1776 se
1834 1713 2237 1777 occultantes

403 1818 679 1882 admotis
727 1817 1072 1903 sagittariis
1118 1836 1235 1901 per
1265 1815 1611 1878 ludibrium
1640 1815 2020 1900 figebantur,
2068 1816 2235 1880 alios

398 1927 703 2009 prorutae
753 1921 1014 1986 arbores
1060 1919 1391 1985 adflixere.

535 2030 632 2091 18.
692 2028 930 2111 Magna
991 2047 1068 2090 ea
1126 2025 1397 2089 victoria
1448 2045 1663 2108 neque
1726 2030 1991 2089 cruenta
2042 2026 2233 2089 nobis

396 2132 536 2197 fuit.
612 2133 834 2216 quinta
879 2130 958 2194 ab
1002 2118 1164 2193 hora
1208 2128 1338 2193 diei
1384 2127 1465 2191 ad
1510 2134 1768 2205 noctem
1802 2130 1972 2193 caesi
2005 2130 2231 2195 hostes

400 2235 627 2300 decem
694 2234 872 2299 milia
931 2255 1234 2318 passuum
1300 2231 1715 2297 cadaveribus
1778 2240 1971 2317 atque
2037 2236 2230 2299 armis

401 2341 783 2425 opplevere,
846 2338 1119 2423 repertis
1181 2338 1351 2400 inter
1414 2335 1621 2420 spolia
1679 2358 1901 2401 eorum
1964 2338 2227 2421 catenis,

354 2465 556 2528 squas
613 2444 680 2505 in
723 2442 1055 2505 Romanos
1105 2448 1176 2505 ut
1219 2461 1352 2504 non
1398 2440 1594 2504 dubio
1643 2445 1879 2505 eventu
1924 2448 2227 2526 portave-

396 2552 560 2611 rant.
631 2547 816 2611 miles
861 2547 924 2610 in
965 2547 1110 2610 loco
1143 2545 1737 2632 proeliiTiberium
1767 2546 2228 2630 imperatorem

396 2650 698 2715 salutavit
756 2651 1113 2735 struxitque
1174 2672 1485 2736 aggerem
1544 2656 1611 2715 et
1669 2652 1734 2715 in
1782 2650 2046 2714 modum
2093 2659 2226 2716 tro-

396 2774 706 2840 paeorum
767 2775 944 2818 arma
996 2755 1371 2841 subscriptis
1416 2755 1727 2820 victarum
1772 2754 2062 2841 gentium
2108 2780 2225 2822 no-

394 2859 676 2923 minibus
725 2858 1050 2943 imposuit.

531 2964 629 3026 19.
674 2960 872 3026 Haud
917 2963 1186 3047 perinde
1238 2962 1599 3028 Grermanos
1643 2966 1942 3047 vulnera,
1995 2966 2223 3050 luctus,

394 3067 649 3134 excidia
706 3088 896 3152 quam
958 3088 1035 3131 ea
1092 3068 1343 3152 species
1403 3067 1627 3133 dolore
1688 3073 1754 3132 et
1810 3068 1907 3133 ira
1962 3069 2223 3137 adfecit.

391 3173 499 3257 qui
553 3172 750 3236 modo
799 3171 976 3235 abire
1021 3170 1314 3253 sedibuS,
1375 3179 1549 3235 trans
1594 3170 1814 3236 Albim
1860 3173 2220 3239 concedere

391 3275 736 3359 parabant,
785 3295 1067 3359 pugnam
1113 3275 1375 3357 volunt,
1422 3297 1600 3340 arma
1644 3278 1931 3361 rapiunt3
1991 3278 2220 3363 plebes

350 3407 375 3445 5
392 3380 726 3463 primoreS,
756 3380 1054 3446 iuventus
1087 3400 1274 3444 senes
1301 3399 1536 3462 agmen
1556 3379 1924 3445 Romanum
1948 3389 2219 3467 repente
