2467 3900
698 205 773 245 AB
800 204 1054 246 EXOESSU
1080 205 1211 246 DIVI
1237 204 1494 246 AUGUSTI
1520 207 1568 246 11
1593 203 1764 246 44-47.
2069 199 2150 257 87

442 368 549 431 46.
594 365 827 450 Neque
857 363 1304 432 Maroboduus
1348 364 1652 432 iactantia
1697 367 1795 430 sui
1839 370 1952 430 aut
1993 386 2145 451 pro-

306 471 444 536 bris
474 471 542 534 in
568 470 826 537 hostem
850 469 1231 552 abstinebat,
1265 469 1383 534 sed
1405 469 1894 556 Inguiomerum
1915 463 2146 535 tenens

305 575 423 640 illo
483 575 550 640 in
606 594 879 660 corpore
925 575 1123 640 decus
1168 595 1362 640 omne
1410 574 1917 657 Cheruscorum,
1973 575 2152 640 illius

309 679 597 745 consiliis
627 684 813 764 gesta
842 699 1007 763 quae
1038 699 1351 764 prospere
1383 678 1733 744 ceciderint
1759 679 2142 745 testabatur:
2209 685 2214 689 ’

308 783 701 849 vaecordem
746 781 1109 846 Arminium
1159 787 1226 846 et
1269 803 1488 847 rerum
1530 783 1822 847 nescium
1865 783 2144 848 alienam

310 889 589 974 gloriam
648 887 717 952 in
780 909 849 952 se
912 888 1170 971 trahere
1191 936 1208 970 ,
1275 887 1578 971 quoniam
1641 895 1772 951 tres
1834 887 2144 951 innocuas

309 993 624 1078 legiones·
663 997 731 1057 et
788 993 1021 1056 ducem
1077 991 1319 1056 fraudis
1378 991 1670 1075 ignarum
1714 990 1984 1076 perfidia
2029 989 2142 1054 de-

310 1097 592 1183 ceperit,
652 1117 889 1181 magna
946 1117 1092 1160 cum
1152 1095 1336 1160 clade
1388 1094 1773 1160 Germaniae
1833 1103 1900 1160 et
1955 1095 2141 1180 igno-

308 1202 511 1266 minia
552 1223 687 1283 sua,
736 1221 881 1265 cum
918 1201 1221 1280 coniunX,
1269 1219 1412 1264 cum
1438 1199 1606 1262 filius
1639 1199 1778 1264 eius
1809 1191 2142 1264 servitium
2205 1189 2223 1207 ⁹

311 1305 525 1369 adhuc
553 1305 855 1370 tolerent.
918 1309 984 1368 at
1014 1319 1083 1368 se
1115 1302 1461 1368 duodecim
1483 1302 1845 1389 legionibus
1867 1303 2145 1388 petitum
2161 1327 2214 1370 10

314 1410 477 1474 duce
509 1407 770 1474 Tiberio
816 1408 1149 1474 inlibatam
1184 1407 1657 1474 Germanorum
1701 1408 1974 1492 gloriam
2009 1428 2143 1472 ser-

312 1513 586 1596 vavisse,
629 1535 789 1578 mox
833 1513 1317 1578 condicionibus
1349 1513 1571 1598 aequis
1604 1513 1984 1595 discessum3
2029 1533 2144 1577 ne-

315 1639 439 1702 que
470 1617 801 1702 paenitere
834 1616 1009 1702 quod
1038 1617 1326 1702 ipsorum
1356 1617 1423 1680 in
1453 1638 1648 1683 manu
1677 1617 1778 1701 sit,
1821 1617 2145 1702 integrum

312 1720 656 1788 adversum
684 1707 1017 1785 Romanos
1064 1719 1306 1784 bellum
1351 1742 1434 1784 an
1478 1741 1706 1805 pacem
1741 1722 2148 1786 incruentam
2222 1799 2228 1804 ,

248 1891 252 1894 ⁴
313 1824 559 1889 malint.
639 1825 741 1891 his
783 1826 1049 1891 vocibus
1092 1825 1430 1891 instinctos
1477 1827 1798 1891 exercitus
1841 1825 2145 1912 propriae
2163 1855 2216 1895 15

316 1951 571 2015 quoque
594 1951 823 1995 causac
844 1929 1278 2018 stimulabant,
1303 1951 1448 1995 cum
1466 1951 1507 1995 a
1527 1928 1868 1995 Cheruscis
1885 1927 2145 2015 Lango-

312 2033 657 2119 bardisque
703 2055 819 2120 pro
869 2034 1131 2120 antiquo
1166 2034 1402 2101 decore
1430 2040 1542 2100 aut
1569 2034 1817 2099 recenti
1846 2032 2146 2099 libertate

314 2145 382 2204 et
428 2144 651 2204 contra
694 2138 1033 2224 augendae
1081 2140 1509 2205 dominationi
1555 2144 1926 2204 certaretur.
2016 2158 2147 2201 non

314 2243 471 2309 alias
544 2244 786 2310 maiore
861 2244 1035 2309 mole
1113 2264 1496 2310 concursum
1562 2263 1774 2327 neque
1843 2241 2144 2327 ambiguo

316 2347 522 2432 magis
579 2354 849 2429 eventu,
906 2347 1063 2411 fusis
1124 2347 1446 2433 utrimque
1505 2346 1752 2411 dextris
1811 2346 2215 2427 cornibus32o

314 2450 818 2536 sperabaturque
877 2471 1132 2514 rursum
1178 2472 1429 2535 pugna,
1487 2451 1555 2517 ni
1598 2450 2040 2516 Maroboduus
2081 2450 2148 2515 in

318 2554 517 2620 colles
558 2556 992 2620 subduxisset.
1066 2555 1135 2619 id
1182 2556 1437 2640 signum
1482 2556 1794 2642 perculsi3
1843 2562 1908 2621 et
1941 2562 2146 2620 trans-

313 2658 507 2745 fugiis
550 2660 871 2745 paulatim
904 2660 1184 2726 nudatus
1229 2660 1296 2724 in
1333 2660 1784 2726 Marcomanos
1832 2658 2149 2725 concessit

312 2764 614 2849 misitque
674 2764 929 2849 legatos
992 2763 1076 2829 ad
1133 2763 1462 2829 Tiberium
1529 2768 1822 2830 oraturos
1886 2764 2146 2828 auxilia.

312 2887 698 2952 responsum
760 2887 894 2931 non
956 2867 1096 2931 iure
1166 2867 1476 2932 adversus
1539 2867 1905 2933 Cheruscos
1969 2889 2150 2932 arma
2164 2894 2215 2933 25

312 2969 611 3038 Romana
639 2972 964 3055 invocare,
998 2971 1106 3056 qui
1127 2971 1476 3057 pugnantis
1497 2972 1565 3037 in·
1589 2972 1866 3037 eundem
1889 2971 2148 3036 hostem

313 3075 649 3142 Romanos
678 3074 858 3141 nulla
886 3096 1011 3161 ope
1030 3076 1318 3141 iuvisset.
1381 3078 1612 3141 missus
1636 3083 1853 3141 tamen
1874 3076 2146 3157 Drusus,

314 3186 389 3245 ut
433 3181 818 3263 rettulimus,
864 3181 1256 3267 pacificator.

445 3286 547 3347 47.
613 3284 868 3351 Eodem
935 3306 1105 3350 anno
1178 3284 1525 3351 duodecim
1593 3285 1882 3349 celebres
1946 3281 2146 3349 Asiae

312 3389 508 3454 urbes
568 3389 914 3475 conlapsae
973 3395 1288 3455 nocturno
1341 3396 1522 3453 motu
1566 3396 1815 3469 terrae,
1873 3408 2002 3473 quo
2048 3389 2145 3452 in-
