<?xml version="1.0" encoding="UTF-8"?>
<!DOCTYPE html PUBLIC "-//W3C//DTD XHTML 1.0 Transitional//EN"
    "http://www.w3.org/TR/xhtml1/DTD/xhtml1-transitional.dtd">
<html xmlns="http://www.w3.org/1999/xhtml" xml:lang="en" lang="en">
 <head>
  <title>
</title>
<meta http-equiv="Content-Type" content="text/html;charset=utf-8" />
  <meta name='ocr-system' content='tesseract 3.04.00' />
  <meta name='ocr-capabilities' content='ocr_page ocr_carea ocr_par ocr_line ocrx_word'/>
</head>
<body>
  <div class='ocr_page' id='page_1' title='image "./corneliitacitia00gitlgoog_0157.png"; bbox 0 0 2467 3900; ppageno 0'>
   <div class='ocr_carea' id='block_1_1' title="bbox 637 218 2098 277">
    <p class='ocr_par' dir='ltr' id='par_1_1' title="bbox 637 218 2098 277">
     <span class='ocr_line' id='line_1_1' title="bbox 637 218 2098 277; baseline 0.004 -16"><span class='ocrx_word' id='word_1_1' title='bbox 637 223 713 261; x_wconf 83' lang='lat' dir='ltr'>AB</span> <span class='ocrx_word' id='word_1_2' title='bbox 743 222 995 262; x_wconf 76' lang='lat' dir='ltr'>EXCESSU</span> <span class='ocrx_word' id='word_1_3' title='bbox 1024 223 1153 263; x_wconf 78' lang='lat' dir='ltr'>DJV1</span> <span class='ocrx_word' id='word_1_4' title='bbox 1181 223 1438 265; x_wconf 72' lang='lat' dir='ltr'>AUGUSTI</span> <span class='ocrx_word' id='word_1_5' title='bbox 1463 225 1534 264; x_wconf 93' lang='lat'>111</span> <span class='ocrx_word' id='word_1_6' title='bbox 1560 225 1656 264; x_wconf 78' lang='lat'>53-</span> <span class='ocrx_word' id='word_1_7' title='bbox 1667 222 1732 264; x_wconf 75' lang='lat'>55.</span> <span class='ocrx_word' id='word_1_8' title='bbox 1987 218 2098 277; x_wconf 82' lang='lat'>145</span> 
     </span>
    </p>
   </div>
   <div class='ocr_carea' id='block_1_2' title="bbox 272 383 2182 3387">
    <p class='ocr_par' dir='ltr' id='par_1_2' title="bbox 272 383 2182 3387">
     <span class='ocr_line' id='line_1_2' title="bbox 275 383 2102 470; baseline 0.002 -22"><span class='ocrx_word' id='word_1_9' title='bbox 275 388 491 469; x_wconf 88' lang='lat' dir='ltr'>patres</span> <span class='ocrx_word' id='word_1_10' title='bbox 538 383 910 469; x_wconf 78' lang='lat' dir='ltr'>conscripti,</span> <span class='ocrx_word' id='word_1_11' title='bbox 972 403 1190 447; x_wconf 87' lang='lat' dir='ltr'>curam</span> <span class='ocrx_word' id='word_1_12' title='bbox 1232 383 1504 448; x_wconf 88' lang='lat' dir='ltr'>sustinet</span> <span class='ocrx_word' id='word_1_13' title='bbox 1547 384 1880 470; x_wconf 81' lang='lat' dir='ltr'>princeps3</span> <span class='ocrx_word' id='word_1_14' title='bbox 1937 386 2102 452; x_wconf 88' lang='lat' dir='ltr'>haec</span> 
     </span>
     <span class='ocr_line' id='line_1_3' title="bbox 278 487 2107 575; baseline 0.002 -24"><span class='ocrx_word' id='word_1_15' title='bbox 278 488 514 554; x_wconf 89' lang='lat' dir='ltr'>omissa</span> <span class='ocrx_word' id='word_1_16' title='bbox 576 488 861 553; x_wconf 86' lang='lat' dir='ltr'>funditus</span> <span class='ocrx_word' id='word_1_17' title='bbox 920 507 1060 552; x_wconf 86' lang='lat' dir='ltr'>rem</span> <span class='ocrx_word' id='word_1_18' title='bbox 1121 487 1444 573; x_wconf 82' lang='lat' dir='ltr'>publicam</span> <span class='ocrx_word' id='word_1_19' title='bbox 1503 489 1734 554; x_wconf 87' lang='lat' dir='ltr'>trahet.</span> <span class='ocrx_word' id='word_1_20' title='bbox 1837 491 2107 575; x_wconf 80' lang='lat' dir='ltr'>reliquis</span> 
     </span>
     <span class='ocr_line' id='line_1_4' title="bbox 275 587 2178 681; baseline 0.001 -27"><span class='ocrx_word' id='word_1_21' title='bbox 275 591 445 656; x_wconf 86' lang='lat' dir='ltr'>intra</span> <span class='ocrx_word' id='word_1_22' title='bbox 499 592 779 669; x_wconf 81' lang='lat' dir='ltr'>animum</span> <span class='ocrx_word' id='word_1_23' title='bbox 826 591 1252 658; x_wconf 85' lang='lat' dir='ltr'>medendum:</span> <span class='ocrx_word' id='word_1_24' title='bbox 1309 613 1429 657; x_wconf 87' lang='lat' dir='ltr'>nos</span> <span class='ocrx_word' id='word_1_25' title='bbox 1476 594 1720 678; x_wconf 90' lang='lat' dir='ltr'>pudor,</span> <span class='ocrx_word' id='word_1_26' title='bbox 1778 587 2178 681; x_wconf 78' lang='lat' dir='ltr'>pauperesso</span> 
     </span>
     <span class='ocr_line' id='line_1_5' title="bbox 275 694 2101 777; baseline 0.003 -18"><span class='ocrx_word' id='word_1_27' title='bbox 275 694 653 777; x_wconf 89' lang='lat' dir='ltr'>necessitas,</span> <span class='ocrx_word' id='word_1_28' title='bbox 719 695 950 762; x_wconf 83' lang='lat' dir='ltr'>divites</span> <span class='ocrx_word' id='word_1_29' title='bbox 1012 695 1209 760; x_wconf 90' lang='lat' dir='ltr'>satias</span> <span class='ocrx_word' id='word_1_30' title='bbox 1269 695 1335 760; x_wconf 90' lang='lat' dir='ltr'>in</span> <span class='ocrx_word' id='word_1_31' title='bbox 1395 698 1624 762; x_wconf 88' lang='lat' dir='ltr'>melius</span> <span class='ocrx_word' id='word_1_32' title='bbox 1671 704 1898 764; x_wconf 88' lang='lat' dir='ltr'>mutet.</span> <span class='ocrx_word' id='word_1_33' title='bbox 1990 708 2101 765; x_wconf 92' lang='lat' dir='ltr'>aut</span> 
     </span>
     <span class='ocr_line' id='line_1_6' title="bbox 278 799 2102 884; baseline 0.003 -20"><span class='ocrx_word' id='word_1_34' title='bbox 278 799 473 884; x_wconf 87' lang='lat' dir='ltr'>siquis</span> <span class='ocrx_word' id='word_1_35' title='bbox 504 820 604 878; x_wconf 69' lang='lat' dir='ltr'>⁴ex</span> <span class='ocrx_word' id='word_1_36' title='bbox 646 800 1127 883; x_wconf 85' lang='lat' dir='ltr'>magistratibus</span> <span class='ocrx_word' id='word_1_37' title='bbox 1169 808 1415 866; x_wconf 80' lang='lat' dir='ltr'><strong>tantam</strong></span> <span class='ocrx_word' id='word_1_38' title='bbox 1458 800 1836 868; x_wconf 88' lang='lat' dir='ltr'>industriam</span> <span class='ocrx_word' id='word_1_39' title='bbox 1881 827 1958 870; x_wconf 87' lang='lat' dir='ltr'>ac</span> <span class='ocrx_word' id='word_1_40' title='bbox 2001 826 2102 870; x_wconf 86' lang='lat' dir='ltr'>se-</span> 
     </span>
     <span class='ocr_line' id='line_1_7' title="bbox 276 903 2169 990; baseline 0.003 -22"><span class='ocrx_word' id='word_1_41' title='bbox 276 903 615 969; x_wconf 81' lang='lat' dir='ltr'>veritatem</span> <span class='ocrx_word' id='word_1_42' title='bbox 660 904 1037 989; x_wconf 82' lang='lat' dir='ltr'>pollicetur,</span> <span class='ocrx_word' id='word_1_43' title='bbox 1089 910 1161 968; x_wconf 87' lang='lat' dir='ltr'>ut</span> <span class='ocrx_word' id='word_1_44' title='bbox 1204 903 1297 969; x_wconf 91' lang='lat' dir='ltr'>ire</span> <span class='ocrx_word' id='word_1_45' title='bbox 1347 906 1601 970; x_wconf 84' lang='lat' dir='ltr'>obviam</span> <span class='ocrx_word' id='word_1_46' title='bbox 1639 913 1870 990; x_wconf 82' lang='lat' dir='ltr'>queat,</span> <span class='ocrx_word' id='word_1_47' title='bbox 1931 908 2102 974; x_wconf 87' lang='lat' dir='ltr'>hunc</span> <span class='ocrx_word' id='word_1_48' title='bbox 2166 918 2169 922; x_wconf 83' lang='grc'><strong>’</strong></span> 
     </span>
     <span class='ocr_line' id='line_1_8' title="bbox 278 1008 2101 1094; baseline 0.002 -20"><span class='ocrx_word' id='word_1_49' title='bbox 278 1028 401 1093; x_wconf 81' lang='lat' dir='ltr'>ego</span> <span class='ocrx_word' id='word_1_50' title='bbox 442 1017 509 1074; x_wconf 88' lang='lat' dir='ltr'>et</span> <span class='ocrx_word' id='word_1_51' title='bbox 536 1008 733 1073; x_wconf 92' lang='lat' dir='ltr'>laudo</span> <span class='ocrx_word' id='word_1_52' title='bbox 768 1014 837 1072; x_wconf 85' lang='lat' dir='ltr'>et</span> <span class='ocrx_word' id='word_1_53' title='bbox 864 1008 1207 1074; x_wconf 86' lang='lat' dir='ltr'>exonerari</span> <span class='ocrx_word' id='word_1_54' title='bbox 1248 1009 1540 1072; x_wconf 89' lang='lat' dir='ltr'>laborum</span> <span class='ocrx_word' id='word_1_55' title='bbox 1581 1017 1832 1094; x_wconf 90' lang='lat' dir='ltr'>partem</span> <span class='ocrx_word' id='word_1_56' title='bbox 1861 1013 2101 1077; x_wconf 84' lang='lat' dir='ltr'>fateor:</span> 
     </span>
     <span class='ocr_line' id='line_1_9' title="bbox 275 1112 2178 1200; baseline 0.001 -21"><span class='ocrx_word' id='word_1_57' title='bbox 275 1113 375 1179; x_wconf 89' lang='lat' dir='ltr'>sin</span> <span class='ocrx_word' id='word_1_58' title='bbox 419 1133 721 1179; x_wconf 86' lang='lat' dir='ltr'>accusare</span> <span class='ocrx_word' id='word_1_59' title='bbox 765 1113 923 1177; x_wconf 83' lang='lat' dir='ltr'>vitia</span> <span class='ocrx_word' id='word_1_60' title='bbox 963 1112 1223 1194; x_wconf 80' lang='lat' dir='ltr'>volunt,</span> <span class='ocrx_word' id='word_1_61' title='bbox 1273 1113 1421 1178; x_wconf 87' lang='lat' dir='ltr'>dein</span> <span class='ocrx_word' id='word_1_62' title='bbox 1439 1163 1454 1192; x_wconf 89' lang='lat'>,</span> <span class='ocrx_word' id='word_1_63' title='bbox 1503 1135 1648 1178; x_wconf 91' lang='lat' dir='ltr'>cum</span> <span class='ocrx_word' id='word_1_64' title='bbox 1693 1116 1964 1200; x_wconf 84' lang='lat' dir='ltr'>gloriam</span> <span class='ocrx_word' id='word_1_65' title='bbox 2008 1117 2178 1181; x_wconf 71' lang='lat' dir='ltr'>reiss</span> 
     </span>
     <span class='ocr_line' id='line_1_10' title="bbox 279 1215 2112 1304; baseline 0.001 -20"><span class='ocrx_word' id='word_1_66' title='bbox 279 1218 519 1303; x_wconf 81' lang='lat' dir='ltr'>adepti,</span> <span class='ocrx_word' id='word_1_67' title='bbox 566 1217 925 1280; x_wconf 81' lang='lat' dir='ltr'>simultates</span> <span class='ocrx_word' id='word_1_68' title='bbox 954 1215 1199 1280; x_wconf 85' lang='lat' dir='ltr'>faciunt</span> <span class='ocrx_word' id='word_1_69' title='bbox 1237 1235 1312 1280; x_wconf 85' lang='lat' dir='ltr'>ac</span> <span class='ocrx_word' id='word_1_70' title='bbox 1342 1215 1499 1280; x_wconf 90' lang='lat' dir='ltr'>mihi</span> <span class='ocrx_word' id='word_1_71' title='bbox 1529 1217 1918 1304; x_wconf 89' lang='lat' dir='ltr'>relinquunt,</span> <span class='ocrx_word' id='word_1_72' title='bbox 1965 1237 2112 1286; x_wconf 59' lang='lat' dir='ltr'>creU</span> 
     </span>
     <span class='ocr_line' id='line_1_11' title="bbox 282 1321 2106 1407; baseline 0.001 -21"><span class='ocrx_word' id='word_1_73' title='bbox 282 1323 435 1405; x_wconf 91' lang='lat' dir='ltr'>dite,</span> <span class='ocrx_word' id='word_1_74' title='bbox 467 1329 687 1407; x_wconf 87' lang='lat' dir='ltr'>patres</span> <span class='ocrx_word' id='word_1_75' title='bbox 708 1321 1072 1405; x_wconf 82' lang='lat' dir='ltr'>conscripti,</span> <span class='ocrx_word' id='word_1_76' title='bbox 1103 1341 1209 1384; x_wconf 89' lang='lat' dir='ltr'>me</span> <span class='ocrx_word' id='word_1_77' title='bbox 1238 1341 1494 1405; x_wconf 87' lang='lat' dir='ltr'>quoque</span> <span class='ocrx_word' id='word_1_78' title='bbox 1518 1341 1651 1387; x_wconf 89' lang='lat' dir='ltr'>non</span> <span class='ocrx_word' id='word_1_79' title='bbox 1677 1322 2106 1388; x_wconf 86' lang='lat' dir='ltr'>offensionum</span> 
     </span>
     <span class='ocr_line' id='line_1_12' title="bbox 280 1426 2108 1516; baseline 0.001 -25"><span class='ocrx_word' id='word_1_80' title='bbox 280 1426 572 1491; x_wconf 81' lang='lat' dir='ltr'>avidum:</span> <span class='ocrx_word' id='word_1_81' title='bbox 632 1447 791 1511; x_wconf 89' lang='lat' dir='ltr'>quas</span> <span class='ocrx_word' id='word_1_82' title='bbox 848 1445 993 1490; x_wconf 89' lang='lat' dir='ltr'>cum</span> <span class='ocrx_word' id='word_1_83' title='bbox 1040 1445 1273 1510; x_wconf 83' lang='lat' dir='ltr'>graves</span> <span class='ocrx_word' id='word_1_84' title='bbox 1321 1431 1389 1516; x_wconf 85' lang='lat' dir='ltr'>et</span> <span class='ocrx_word' id='word_1_85' title='bbox 1432 1426 1813 1512; x_wconf 87' lang='lat' dir='ltr'>plerumque</span> <span class='ocrx_word' id='word_1_86' title='bbox 1857 1428 2108 1513; x_wconf 88' lang='lat' dir='ltr'>iniquas</span> 
     </span>
     <span class='ocr_line' id='line_1_13' title="bbox 280 1527 2108 1617; baseline 0 -21"><span class='ocrx_word' id='word_1_87' title='bbox 280 1552 397 1616; x_wconf 87' lang='lat' dir='ltr'>pro</span> <span class='ocrx_word' id='word_1_88' title='bbox 444 1553 515 1596; x_wconf 89' lang='lat' dir='ltr'>re</span> <span class='ocrx_word' id='word_1_89' title='bbox 563 1530 821 1616; x_wconf 91' lang='lat' dir='ltr'>publica</span> <span class='ocrx_word' id='word_1_90' title='bbox 866 1530 1228 1614; x_wconf 87' lang='lat' dir='ltr'>suscipiam,</span> <span class='ocrx_word' id='word_1_91' title='bbox 1278 1529 1502 1594; x_wconf 89' lang='lat' dir='ltr'>inanes</span> <span class='ocrx_word' id='word_1_92' title='bbox 1537 1537 1604 1596; x_wconf 88' lang='lat' dir='ltr'>et</span> <span class='ocrx_word' id='word_1_93' title='bbox 1639 1531 1859 1597; x_wconf 87' lang='lat' dir='ltr'>inritas</span> <span class='ocrx_word' id='word_1_94' title='bbox 1895 1527 2108 1617; x_wconf 85' lang='lat' dir='ltr'>neque</span> 
     </span>
     <span class='ocr_line' id='line_1_14' title="bbox 279 1633 2174 1719; baseline -0.001 -19"><span class='ocrx_word' id='word_1_95' title='bbox 279 1636 437 1700; x_wconf 90' lang='lat' dir='ltr'>mihi</span> <span class='ocrx_word' id='word_1_96' title='bbox 481 1642 593 1700; x_wconf 88' lang='lat' dir='ltr'>aut</span> <span class='ocrx_word' id='word_1_97' title='bbox 633 1635 819 1701; x_wconf 82' lang='lat' dir='ltr'>vobis</span> <span class='ocrx_word' id='word_1_98' title='bbox 864 1635 1007 1699; x_wconf 88' lang='lat' dir='ltr'>usui</span> <span class='ocrx_word' id='word_1_99' title='bbox 1052 1634 1302 1697; x_wconf 86' lang='lat' dir='ltr'>futuras</span> <span class='ocrx_word' id='word_1_100' title='bbox 1347 1633 1485 1698; x_wconf 88' lang='lat' dir='ltr'>iure</span> <span class='ocrx_word' id='word_1_101' title='bbox 1533 1633 1890 1719; x_wconf 84' lang='lat' dir='ltr'>deprecor.‘</span> <span class='ocrx_word' id='word_1_102' title='bbox 2122 1659 2174 1698; x_wconf 65' lang='grc' dir='ltr'>ιο</span> 
     </span>
     <span class='ocr_line' id='line_1_15' title="bbox 411 1737 2108 1807; baseline -0.001 -3"><span class='ocrx_word' id='word_1_103' title='bbox 411 1741 516 1804; x_wconf 84' lang='grc'>55.</span> <span class='ocrx_word' id='word_1_104' title='bbox 576 1739 837 1804; x_wconf 89' lang='lat' dir='ltr'>Auditis</span> <span class='ocrx_word' id='word_1_105' title='bbox 870 1738 1164 1803; x_wconf 83' lang='lat' dir='ltr'>Caesaris</span> <span class='ocrx_word' id='word_1_106' title='bbox 1210 1737 1443 1802; x_wconf 87' lang='lat' dir='ltr'>litteris</span> <span class='ocrx_word' id='word_1_107' title='bbox 1479 1739 1746 1804; x_wconf 88' lang='lat' dir='ltr'>remissa</span> <span class='ocrx_word' id='word_1_108' title='bbox 1791 1739 2108 1807; x_wconf 91' lang='lat' dir='ltr'>aedilibus</span> 
     </span>
     <span class='ocr_line' id='line_1_16' title="bbox 282 1839 2157 1934; baseline -0.001 -26"><span class='ocrx_word' id='word_1_109' title='bbox 282 1845 429 1910; x_wconf 90' lang='lat' dir='ltr'>talis</span> <span class='ocrx_word' id='word_1_110' title='bbox 477 1867 656 1928; x_wconf 71' lang='lat' dir='ltr'>cura,</span> <span class='ocrx_word' id='word_1_111' title='bbox 712 1839 1036 1926; x_wconf 83' lang='lat' dir='ltr'>luxusque</span> <span class='ocrx_word' id='word_1_112' title='bbox 1081 1861 1350 1934; x_wconf 77' lang='lat' dir='ltr'>mensae</span> <span class='ocrx_word' id='word_1_113' title='bbox 1403 1864 1442 1906; x_wconf 92' lang='lat' dir='ltr'>a</span> <span class='ocrx_word' id='word_1_114' title='bbox 1484 1841 1612 1906; x_wconf 91' lang='lat' dir='ltr'>fine</span> <span class='ocrx_word' id='word_1_115' title='bbox 1656 1841 1910 1908; x_wconf 83' lang='lat' dir='ltr'>Actiaci</span> <span class='ocrx_word' id='word_1_116' title='bbox 1955 1845 2157 1910; x_wconf 74' lang='lat' dir='ltr'>belli-2</span> 
     </span>
     <span class='ocr_line' id='line_1_17' title="bbox 282 1944 2116 2035; baseline -0.001 -21"><span class='ocrx_word' id='word_1_117' title='bbox 282 1952 365 2015; x_wconf 89' lang='lat' dir='ltr'>ad</span> <span class='ocrx_word' id='word_1_118' title='bbox 411 1972 489 2017; x_wconf 90' lang='lat' dir='ltr'>ea</span> <span class='ocrx_word' id='word_1_119' title='bbox 532 1972 742 2033; x_wconf 87' lang='lat' dir='ltr'>arma,</span> <span class='ocrx_word' id='word_1_120' title='bbox 802 1950 945 2035; x_wconf 86' lang='lat' dir='ltr'>quis</span> <span class='ocrx_word' id='word_1_121' title='bbox 989 1946 1254 2023; x_wconf 83' lang='lat' dir='ltr'>Servius</span> <span class='ocrx_word' id='word_1_122' title='bbox 1301 1944 1518 2022; x_wconf 52' lang='lat' dir='ltr'>Galba,</span> <span class='ocrx_word' id='word_1_123' title='bbox 1566 1967 1782 2011; x_wconf 90' lang='lat' dir='ltr'>rerum</span> <span class='ocrx_word' id='word_1_124' title='bbox 1844 1948 2116 2032; x_wconf 88' lang='lat' dir='ltr'>potitus,-</span> 
     </span>
     <span class='ocr_line' id='line_1_18' title="bbox 272 2048 2110 2140; baseline -0.002 -19"><span class='ocrx_word' id='word_1_125' title='bbox 272 2048 399 2140; x_wconf 51' lang='lat' dir='ltr'>‘per</span> <span class='ocrx_word' id='word_1_126' title='bbox 466 2076 670 2120; x_wconf 87' lang='lat' dir='ltr'>annos</span> <span class='ocrx_word' id='word_1_127' title='bbox 744 2059 1004 2120; x_wconf 89' lang='lat' dir='ltr'>centum</span> <span class='ocrx_word' id='word_1_128' title='bbox 1069 2052 1350 2137; x_wconf 83' lang='lat' dir='ltr'>profusis</span> <span class='ocrx_word' id='word_1_129' title='bbox 1414 2052 1775 2137; x_wconf 88' lang='lat' dir='ltr'>sumptibus</span> <span class='ocrx_word' id='word_1_130' title='bbox 1839 2054 2110 2119; x_wconf 85' lang='lat' dir='ltr'>exerciti</span> 
     </span>
     <span class='ocr_line' id='line_1_19' title="bbox 283 2156 2153 2243; baseline -0.003 -20"><span class='ocrx_word' id='word_1_131' title='bbox 283 2158 593 2243; x_wconf 85' lang='lat' dir='ltr'>paulatim</span> <span class='ocrx_word' id='word_1_132' title='bbox 639 2158 1009 2222; x_wconf 85' lang='lat' dir='ltr'>exolevere.</span> <span class='ocrx_word' id='word_1_133' title='bbox 1087 2178 1310 2221; x_wconf 85' lang='lat' dir='ltr'>causas</span> <span class='ocrx_word' id='word_1_134' title='bbox 1341 2156 1480 2219; x_wconf 88' lang='lat' dir='ltr'>eius</span> <span class='ocrx_word' id='word_1_135' title='bbox 1507 2156 2108 2243; x_wconf 89' lang='lat' dir='ltr'>mutationis-quae·</span> <span class='ocrx_word' id='word_1_136' title='bbox 2129 2180 2153 2217; x_wconf 85' lang='lat'><strong>5</strong></span> 
     </span>
     <span class='ocr_line' id='line_1_20' title="bbox 283 2261 2110 2328; baseline -0.001 0"><span class='ocrx_word' id='word_1_137' title='bbox 283 2282 427 2328; x_wconf 85' lang='lat' dir='ltr'>rere</span> <span class='ocrx_word' id='word_1_138' title='bbox 470 2262 651 2327; x_wconf 88' lang='lat' dir='ltr'>libet.</span> <span class='ocrx_word' id='word_1_139' title='bbox 704 2262 890 2326; x_wconf 78' lang='lat' dir='ltr'>dites</span> <span class='ocrx_word' id='word_1_140' title='bbox 924 2262 1077 2325; x_wconf 89' lang='lat' dir='ltr'>olim</span> <span class='ocrx_word' id='word_1_141' title='bbox 1109 2261 1388 2328; x_wconf 89' lang='lat' dir='ltr'>familiae</span> <span class='ocrx_word' id='word_1_142' title='bbox 1424 2261 1736 2325; x_wconf 88' lang='lat' dir='ltr'>nobilium</span> <span class='ocrx_word' id='word_1_143' title='bbox 1777 2269 1888 2326; x_wconf 91' lang='lat' dir='ltr'>aut</span> <span class='ocrx_word' id='word_1_144' title='bbox 1927 2263 2110 2327; x_wconf 89' lang='lat' dir='ltr'>clari-</span> 
     </span>
     <span class='ocr_line' id='line_1_21' title="bbox 284 2364 2114 2450; baseline 0.001 -21"><span class='ocrx_word' id='word_1_145' title='bbox 284 2365 510 2430; x_wconf 87' lang='lat' dir='ltr'>tudine</span> <span class='ocrx_word' id='word_1_146' title='bbox 575 2366 861 2449; x_wconf 85' lang='lat' dir='ltr'>insignes</span> <span class='ocrx_word' id='word_1_147' title='bbox 940 2364 1151 2429; x_wconf 85' lang='lat' dir='ltr'>studio</span> <span class='ocrx_word' id='word_1_148' title='bbox 1230 2365 1746 2448; x_wconf 82' lang='lat' dir='ltr'>magnificentiae</span> <span class='ocrx_word' id='word_1_149' title='bbox 1817 2366 2114 2450; x_wconf 83' lang='lat' dir='ltr'>prolabe-</span> 
     </span>
     <span class='ocr_line' id='line_1_22' title="bbox 287 2467 2114 2555; baseline -0.001 -20"><span class='ocrx_word' id='word_1_150' title='bbox 287 2470 539 2536; x_wconf 77' lang='lat' dir='ltr'>bantur.</span> <span class='ocrx_word' id='word_1_151' title='bbox 640 2490 791 2533; x_wconf 90' lang='lat' dir='ltr'>nam</span> <span class='ocrx_word' id='word_1_152' title='bbox 857 2469 1052 2533; x_wconf 88' lang='lat' dir='ltr'>etiam</span> <span class='ocrx_word' id='word_1_153' title='bbox 1111 2473 1250 2531; x_wconf 89' lang='lat' dir='ltr'>tum</span> <span class='ocrx_word' id='word_1_154' title='bbox 1311 2467 1571 2551; x_wconf 88' lang='lat' dir='ltr'>plebem</span> <span class='ocrx_word' id='word_1_155' title='bbox 1639 2470 1850 2533; x_wconf 88' lang='lat' dir='ltr'>socios</span> <span class='ocrx_word' id='word_1_156' title='bbox 1911 2492 2114 2555; x_wconf 86' lang='lat' dir='ltr'>regna</span> 
     </span>
     <span class='ocr_line' id='line_1_23' title="bbox 289 2571 2110 2658; baseline 0.001 -20"><span class='ocrx_word' id='word_1_157' title='bbox 289 2575 505 2638; x_wconf 87' lang='lat' dir='ltr'>colere</span> <span class='ocrx_word' id='word_1_158' title='bbox 568 2578 633 2637; x_wconf 87' lang='lat' dir='ltr'>et</span> <span class='ocrx_word' id='word_1_159' title='bbox 678 2572 804 2636; x_wconf 90' lang='lat' dir='ltr'>coli</span> <span class='ocrx_word' id='word_1_160' title='bbox 848 2572 1121 2651; x_wconf 82' lang='lat' dir='ltr'>licitum3</span> <span class='ocrx_word' id='word_1_161' title='bbox 1190 2577 1264 2634; x_wconf 92' lang='lat' dir='ltr'>ut</span> <span class='ocrx_word' id='word_1_162' title='bbox 1321 2571 1592 2655; x_wconf 86' lang='lat' dir='ltr'>quisque</span> <span class='ocrx_word' id='word_1_163' title='bbox 1639 2574 1868 2658; x_wconf 90' lang='lat' dir='ltr'>opibus</span> <span class='ocrx_word' id='word_1_164' title='bbox 1915 2575 2110 2639; x_wconf 89' lang='lat' dir='ltr'>domo</span> 
     </span>
     <span class='ocr_line' id='line_1_24' title="bbox 286 2668 2180 2763; baseline -0.003 -21"><span class='ocrx_word' id='word_1_165' title='bbox 286 2683 515 2763; x_wconf 88' lang='lat' dir='ltr'>paratu</span> <span class='ocrx_word' id='word_1_166' title='bbox 595 2678 963 2761; x_wconf 88' lang='lat' dir='ltr'>speciosus,</span> <span class='ocrx_word' id='word_1_167' title='bbox 1068 2674 1297 2760; x_wconf 91' lang='lat' dir='ltr'>populi</span> <span class='ocrx_word' id='word_1_168' title='bbox 1369 2675 1650 2739; x_wconf 89' lang='lat' dir='ltr'>Romani</span> <span class='ocrx_word' id='word_1_169' title='bbox 1725 2698 1965 2742; x_wconf 87' lang='lat' dir='ltr'>nomen</span> <span class='ocrx_word' id='word_1_170' title='bbox 2045 2668 2112 2743; x_wconf 82' lang='lat' dir='ltr'>et</span> <span class='ocrx_word' id='word_1_171' title='bbox 2130 2698 2180 2737; x_wconf 95' lang='lat'>10</span> 
     </span>
     <span class='ocr_line' id='line_1_25' title="bbox 289 2774 2113 2866; baseline -0.001 -18"><span class='ocrx_word' id='word_1_172' title='bbox 289 2783 591 2849; x_wconf 86' lang='lat' dir='ltr'>clientela</span> <span class='ocrx_word' id='word_1_173' title='bbox 628 2782 959 2856; x_wconf 79' lang='lat' dir='ltr'>inlustrior</span> <span class='ocrx_word' id='word_1_174' title='bbox 989 2774 1368 2845; x_wconf 83' lang='lat' dir='ltr'>habebatur.</span> <span class='ocrx_word' id='word_1_175' title='bbox 1431 2787 1772 2866; x_wconf 87' lang='lat' dir='ltr'>postquam</span> <span class='ocrx_word' id='word_1_176' title='bbox 1809 2783 2113 2849; x_wconf 84' lang='lat' dir='ltr'>caedibus</span> 
     </span>
     <span class='ocr_line' id='line_1_26' title="bbox 288 2880 2112 2970; baseline -0.001 -17"><span class='ocrx_word' id='word_1_177' title='bbox 288 2889 603 2954; x_wconf 82' lang='lat' dir='ltr'>saevitum</span> <span class='ocrx_word' id='word_1_178' title='bbox 673 2895 740 2952; x_wconf 89' lang='lat' dir='ltr'>et</span> <span class='ocrx_word' id='word_1_179' title='bbox 798 2884 1176 2970; x_wconf 85' lang='lat' dir='ltr'>magnitudo</span> <span class='ocrx_word' id='word_1_180' title='bbox 1243 2884 1451 2949; x_wconf 90' lang='lat' dir='ltr'>famae</span> <span class='ocrx_word' id='word_1_181' title='bbox 1519 2880 1716 2949; x_wconf 74' lang='lat' dir='ltr'>exitio</span> <span class='ocrx_word' id='word_1_182' title='bbox 1778 2896 1951 2970; x_wconf 88' lang='lat' dir='ltr'>erat,</span> <span class='ocrx_word' id='word_1_183' title='bbox 2027 2887 2112 2952; x_wconf 90' lang='lat' dir='ltr'>ad</span> 
     </span>
     <span class='ocr_line' id='line_1_27' title="bbox 290 2989 2110 3078; baseline -0.002 -21"><span class='ocrx_word' id='word_1_184' title='bbox 290 2993 679 3078; x_wconf 86' lang='lat' dir='ltr'>sapientiora</span> <span class='ocrx_word' id='word_1_185' title='bbox 741 2998 1143 3056; x_wconf 83' lang='lat' dir='ltr'>convertere.</span> <span class='ocrx_word' id='word_1_186' title='bbox 1255 2989 1445 3053; x_wconf 90' lang='lat' dir='ltr'>simul</span> <span class='ocrx_word' id='word_1_187' title='bbox 1505 2989 1657 3053; x_wconf 83' lang='lat' dir='ltr'>novi</span> <span class='ocrx_word' id='word_1_188' title='bbox 1718 2989 2010 3055; x_wconf 89' lang='lat' dir='ltr'>homines</span> <span class='ocrx_word' id='word_1_189' title='bbox 2073 3010 2110 3053; x_wconf 90' lang='lat' dir='ltr'>e</span> 
     </span>
     <span class='ocr_line' id='line_1_28' title="bbox 287 3093 2112 3183; baseline -0.002 -22"><span class='ocrx_word' id='word_1_190' title='bbox 287 3097 649 3183; x_wconf 78' lang='lat' dir='ltr'>municipiis</span> <span class='ocrx_word' id='word_1_191' title='bbox 708 3102 775 3160; x_wconf 91' lang='lat' dir='ltr'>et</span> <span class='ocrx_word' id='word_1_192' title='bbox 836 3096 1107 3164; x_wconf 88' lang='lat' dir='ltr'>coloniis</span> <span class='ocrx_word' id='word_1_193' title='bbox 1164 3100 1357 3179; x_wconf 88' lang='lat' dir='ltr'>atque</span> <span class='ocrx_word' id='word_1_194' title='bbox 1419 3093 1613 3158; x_wconf 88' lang='lat' dir='ltr'>etiam</span> <span class='ocrx_word' id='word_1_195' title='bbox 1655 3094 2002 3179; x_wconf 79' lang='lat' dir='ltr'>provinciis</span> <span class='ocrx_word' id='word_1_196' title='bbox 2045 3095 2112 3157; x_wconf 90' lang='lat' dir='ltr'>in</span> 
     </span>
     <span class='ocr_line' id='line_1_29' title="bbox 292 3196 2182 3283; baseline -0.003 -16"><span class='ocrx_word' id='word_1_197' title='bbox 292 3208 584 3268; x_wconf 86' lang='lat' dir='ltr'>senatum</span> <span class='ocrx_word' id='word_1_198' title='bbox 613 3200 835 3265; x_wconf 84' lang='lat' dir='ltr'>crebro</span> <span class='ocrx_word' id='word_1_199' title='bbox 866 3198 1189 3283; x_wconf 88' lang='lat' dir='ltr'>adsumpti</span> <span class='ocrx_word' id='word_1_200' title='bbox 1212 3196 1635 3264; x_wconf 85' lang='lat' dir='ltr'>domesticam</span> <span class='ocrx_word' id='word_1_201' title='bbox 1656 3196 2110 3281; x_wconf 86' lang='lat' dir='ltr'>parsimoniam</span> <span class='ocrx_word' id='word_1_202' title='bbox 2130 3222 2182 3261; x_wconf 86' lang='lat'>15</span> 
     </span>
     <span class='ocr_line' id='line_1_30' title="bbox 291 3288 2114 3387; baseline -0.002 -18"><span class='ocrx_word' id='word_1_203' title='bbox 291 3306 644 3375; x_wconf 85' lang='lat' dir='ltr'>intulerunt</span> <span class='ocrx_word' id='word_1_204' title='bbox 706 3288 825 3387; x_wconf 67' lang='lat' dir='ltr'>et,</span> <span class='ocrx_word' id='word_1_205' title='bbox 868 3322 1252 3387; x_wconf 89' lang='lat' dir='ltr'>quamquam</span> <span class='ocrx_word' id='word_1_206' title='bbox 1313 3300 1572 3365; x_wconf 88' lang='lat' dir='ltr'>fortuna</span> <span class='ocrx_word' id='word_1_207' title='bbox 1632 3300 1738 3365; x_wconf 83' lang='lat' dir='ltr'>vel</span> <span class='ocrx_word' id='word_1_208' title='bbox 1799 3300 2114 3366; x_wconf 87' lang='lat' dir='ltr'>industria</span> 
     </span>
    </p>
   </div>
   <div class='ocr_carea' id='block_1_3' title="bbox 292 3405 2188 3570">
    <p class='ocr_par' dir='ltr' id='par_1_3' title="bbox 292 3405 2188 3570">
     <span class='ocr_line' id='line_1_31' title="bbox 292 3405 2188 3494; baseline 0 -22"><span class='ocrx_word' id='word_1_209' title='bbox 292 3409 583 3494; x_wconf 89' lang='lat' dir='ltr'>plerique</span> <span class='ocrx_word' id='word_1_210' title='bbox 649 3408 1067 3494; x_wconf 85' lang='lat' dir='ltr'>pecuniosam</span> <span class='ocrx_word' id='word_1_211' title='bbox 1134 3405 1220 3469; x_wconf 91' lang='lat' dir='ltr'>ad</span> <span class='ocrx_word' id='word_1_212' title='bbox 1287 3409 1613 3472; x_wconf 85' lang='lat' dir='ltr'>senectam</span> <span class='ocrx_word' id='word_1_213' title='bbox 1677 3406 2110 3490; x_wconf 84' lang='lat' dir='ltr'>pervenirent,</span> <span class='ocrx_word' id='word_1_214' title='bbox 2155 3422 2188 3457; x_wconf 81' lang='lat'>&#39;-</span> 
     </span>
     <span class='ocr_line' id='line_1_32' title="bbox 397 3512 1978 3570; baseline 0 -10"><span class='ocrx_word' id='word_1_215' title='bbox 397 3520 636 3570; x_wconf 73' lang='lat' dir='ltr'>Cornelius</span> <span class='ocrx_word' id='word_1_216' title='bbox 662 3521 866 3561; x_wconf 77' lang='lat' dir='ltr'>Tacitus.</span> <span class='ocrx_word' id='word_1_217' title='bbox 916 3521 953 3560; x_wconf 90' lang='lat'>1.</span> <span class='ocrx_word' id='word_1_218' title='bbox 1769 3512 1800 3560; x_wconf 88' lang='lat'>9</span> <span class='ocrx_word' id='word_1_219' title='bbox 1975 3516 1978 3521; x_wconf 82' lang='grc'><strong>’</strong></span> 
     </span>
    </p>
   </div>
  </div>
 </body>
</html>
