2467 3900
622 263 699 304 AB
724 263 977 305 nxonssn
1002 263 1134 304 n1v1
1159 263 1419 304 Auens-1³1
1445 265 1514 304 m
1542 263 1714 304 'll—74.
1972 256 2082 317 15¹7

256 420 615 511 postularet
692 431 803 489 aut
874 423 1119 489 bellum
1191 424 1590 510 inexpiabile
1661 426 2086 491 minitaretur.
2107 447 2134 485 5

256 551 389 594 non
440 530 605 594 'alias
668 529 874 615 magis
938 550 1053 592 sua
1114 531 1468 615 populique
1524 528 1804 593 Romani
1869 535 2090 594 contu-

257 636 453 700 melia
494 635 851 699 indoluisse
886 635 1231 699 Caesarem
1278 633 1494 699 ferunt
1537 655 1730 718 quam
1765 633 1944 718 quod
1977 634 2090 698 de-

262 748 469 805 sertor
516 744 584 803 et
625 733 873 825 praedo
916 738 1201 804 hostium
1247 757 1430 803 more
1463 743 1706 823 ageret.
1779 758 1865 802 ne
1899 738 2090 822 Spar-

259 853 403 910 taco
478 843 739 930 quidem
813 851 961 928 post
1033 849 1133 906 tot
1193 841 1626 906 consularium
1690 839 2094 906 exercituum
2153 880 2158 886 -

264 950 481 1016 clades
524 949 793 1013 inultam
838 948 1097 1012 Italiam
1128 947 1362 1028 urenti,
1409 967 1796 1030 quamquam
1825 946 2096 1011 Sertorii
2113 971 2164 1011 ιο

264 1060 457 1138 atque
523 1051 915 1118 Mithridatis
978 1052 1350 1134 ingentibus
1416 1050 1606 1114 bellis
1674 1051 1923 1115 labaret
1989 1073 2095 1115 res

260 1157 552 1242 publica,
617 1156 839 1219 datum
900 1159 973 1221 ut
1032 1146 1221 1238 pacto
1281 1155 1350 1217 in
1405 1143 1606 1218 fidem
1664 1154 2094 1238 acciperetur3
2179 1171 2183 1176 ·

264 1259 507 1325 nedum
550 1258 981 1344 pulcherrimo
1028 1257 1255 1342 populi
1297 1256 1578 1323 Romani
1623 1256 1882 1342 fastigio
1926 1259 2094 1321 latro

267 1363 633 1430 Tacfarinas
685 1384 847 1449 pace
870 1371 962 1428 ‘et
1006 1362 1426 1428 concessione
1453 1383 1774 1446 agrorum
1817 1361 2095 1426 redime·
2154 1398 2159 1402 -

266 1474 465 1532 retur.
544 1467 669 1531 'dat
724 1467 1059 1550 negotium
1102 1467 1340 1531 Blaeso
1403 1471 1658 1530 ceteros
1709 1466 1970 1551 quidem
2016 1465 2100 1530 ad
2118 1489 2170 1528 15

272 1594 453 1659 spem
498 1573 847 1658 proliceret
892 1593 1071 1636 arma
1115 1572 1474 1636 sinenoxa
1520 1570 1840 1655 ponendi,
1897 1571 2099 1654 ipsius

271 1685 487 1742 autem
534 1675 713 1741 ducis
760 1697 1021 1761 quoquo
1068 1676 1266 1746 modo
1315 1681 1668 1760 poteretur.
1745 1682 1810 1740 et
1850 1677 2101 1762 recepti

274 1801 350 1846 ea
392 1780 583 1846 venia
625 1781 937 1867 plerique.
1010 1801 1168 1843 mox
1213 1779 1558 1844 adversum
1602 1787 1774 1845 artes
1819 1779 2099 1844 Tacfari-

270 1886 437 1951 natis
481 1879 655 1948 haud
701 1879 1006 1951 dissimili*
1038 1876 1237 1951 modo
1283 1884 1758 1968 belligeratum.
1861 1920 1866 1926 ·

402 1990 507 2054 74.
574 1988 743 2054 Nam
809 1985 961 2073 quia
1022 1990 1135 2067 ille
1201 1988 1439 2054 robore
1509 1989 1833 2053 exercitus
1898 1990 2098 2074 inpar,

270 2094 526 2158 furandi
568 2094 827 2175 melior,
880 2094 1081 2178 pluris
1125 2115 1244 2179 per
1288 2094 1532 2177 globos
1565 2094 1919 2159 incursaret
1965 2095 2100 2157 elu-

276 2196 588 2281 deretque
634 2204 705 2261 et
742 2197 1007 2261 insidias
1052 2198 1244 2263 simul
1287 2188 1678 2283 temptaret,
1716 2204 1848 2262 tres
1891 2198 2100 2261 inces-

275 2313 401 2383 su's,
447 2301 719 2365 totidem
764 2301 1021 2386 agmina
1063 2308 1388 2385 parantur.
1465 2314 1550 2367 'ex
1587 2303 1729 2387 quis
1761 2301 2102 2366 Cornelius

274 2404 489 2489 Scipio
548 2405 807 2489 legatus
834 2398 1139 2489 'praefuit
1196 2422 1323 2489 qua
1378 2406 1716 2490 praedatio
1767 2407 1833 2470 in
1877 2406 2099 2491 Lepti·
2119 2431 2144 2469 5

274 2515 461 2575 tanos
520 2500 601 2574 et'
644 2508 925 2593 suffugia
984 2508 1480 2591 Garamantum,
1539 2510 1666 2574 alio
1724 2511 1962 2591 latere,
2018 2520 2103 2574 ne

279 2612 667 2678 Cirtensium
729 2614 879 2698 pagi
940 2614 1205 2698 impune
1265 2614 1710 2694 traherentur,
1775 2616 2102 2700 propriam

274 2739 535 2783 manum
563 2711 837 2783 Blaesus
880 2716 1047 2781 filius
1092 2707 1300 2782 duxit.
1375 2716 1593 2782 medio
1643 2738 1788 2782 cum
1835 2718 2103 2798 delectis

277 2814 539 2886 castella
584 2825 653 2884 et
693 2820 1085 2885 munitiones
1129 2820 1383 2886 idoneis
1429 2821 1589 2887 locis
1622 2822 1938 2907 inponens
1971 2824 2104 2887 dux
2141 2830 2145 2834 '

272 2925 414 3009 ipse
460 2931 601 2989 arta
644 2930 709 2988 et
750 2916 1001 2989 infensa
1042 2926 1337 2990 hostibus
1357 2932 1596 2990 cuncta
1625 2926 1886 3010 fecerat,
1935 2928 2102 3012 quia,
2121 2946 2172 2985 10

278 3049 535 3115 quoquo
578 3030 977 3109 inclinarent,
1005 3042 1172 3115 'pars
1216 3031 1434 3116 aliqua
1477 3032 1698 3097 militis
1728 3031 2007 3095 Romani
2037 3032 2104 3095 in

278 3153 409 3217 ore,
455 3134 521 3200 in
562 3136 767 3199 latere
816 3142 883 3197 et
924 3154 1125 3219 saepe
1160 3154 1199 3197 a
1223 3140 1434 3219 tergo·
1459 3140 1630 3215 erat;
1676 3135 1988 3217 multique
2021 3153 2102 3197 eo

277 3235 473 3302 modo
504 3239 677 3303 caesi
697 3245 807 3302 aut
831 3238 1268 3303 circumventi.
1323 3245 1476 3304 tunc
1496 3240 1884 3324 tripertitum
1915 3244 2100 3303 exer·-

278 3340 472 3405 citum
513 3342 715 3427 pluris
751 3342 819 3405 in
845 3362 1071 3407 manus
1103 3341 1420 3427 dispergit
1448 3342 1920 3427 praeponitque
1954 3364 2101 3407 cen-

276 3448 581 3513 turiones·
618 3446 871 3511 virtutis
931 3452 1262 3541 expertae.
1350 3466 1506 3529 nec,
1565 3452 1638 3509 ut
1690 3466 1832 3512 mos
1875 3446 2174 3527 fuerat,15
