2467 3900
368 225 479 280 134
1026 229 1304 270 CORNELII
1330 229 1527 270 'rAcrrI

366 387 529 451 sidio
577 386 659 450 ad
697 385 942 469 flagitia
987 390 1221 449 utatur.
1291 386 1562 451 abolitas
1594 385 1774 470 leges
1807 391 1872 449 et
1900 383 2189 448 funditus

364 513 615 573 versas,
677 491 788 554 ubi
838 491 906 554 in
957 490 1133 573 foro,
1192 492 1261 555 in
1319 491 1539 555 limine
1587 491 1800 555 euriae
1847 489 1927 553 ab
1972 488 2192 554 Annia

362 595 629 681 Rufina,
706 614 897 678 quam
957 594 1200 658 fraudis
1265 594 1381 658 sub
1447 595 1658 660 iudice
1733 594 2187 676 damnavisset,

362 699 596 784 probra
642 698 762 762 sibi
806 704 872 762 et
915 698 1127 762 minae
1173 697 1589 763 intendantur
1633 719 1844 782 neque
1888 698 2029 782 ipse
2074 718 2187 762 au-

295 825 344 862 15
366 804 514 869 deat
557 805 654 869 ius
703 804 983 889 experiri
1030 803 1112 867 ob
1160 803 1443 887 effigiem
1478 802 1886 889 imperatoris
1926 803 2187 887 opposi-

360 917 514 975 tam.
603 909 775 974 haud
840 909 1173 974 dissimilia
1234 909 1344 973 alii
1411 914 1476 973 et
1537 906 1800 992 quidam
1867 902 2188 972 atrociora

364 1012 975 1097 circumstrepebant
1033 1012 1588 1096 precabanturque
1651 1010 1936 1075 Drusum
2003 1009 2187 1075 daret

362 1118 621 1184 ultionis
667 1118 1070 1203 exemplum,
1132 1119 1341 1182 donec
1385 1117 1653 1181 accitam
1699 1116 2184 1199 convictamque

360 1222 620 1286 attineri
666 1221 923 1306 publica
966 1221 1262 1286 custodia
1304 1221 1508 1286 iussit.

492 1329 594 1390 37.
662 1327 748 1391 Et
795 1326 1139 1392 Considius
1182 1326 1456 1410 Aequus
1513 1330 1578 1390 et
1638 1323 1897 1388 Caelius
1944 1322 2184 1388 Cursor

361 1429 612 1514 equites
640 1429 937 1512 Romani,
984 1429 1159 1514 quod
1202 1431 1368 1494 fictis
1412 1429 1780 1494 maiestatis·
1812 1429 2183 1493 criminibus

359 1535 645 1617 Magium
693 1534 1128 1600 Caecilianum
1170 1539 1538 1619 praetorem
1581 1533 1982 1618 petivissent,
2034 1554 2180 1598 auc-

361 1644 504 1703 tore
550 1639 837 1724 principe
884 1659 959 1702 ac
1006 1637 1268 1703 decreto
1315 1645 1572 1703 senatus
1618 1638 1845 1722 puniti.
1934 1643 2180 1701 utrum-

320 1763 485 1827 5que
531 1743 596 1808 in
639 1743 898 1807 laudem
942 1741 1141 1805 Drusi
1185 1741 1587 1806 trahebatur:
1636 1743 1716 1806 ab
1763 1761 1841 1806 eo
1891 1741 1958 1805 in
2003 1742 2181 1823 urbe,

360 1847 526 1912 inter
588 1851 811 1911 coetus
876 1852 942 1910 et
1008 1865 1338 1911 sermones
1404 1845 1736 1909 hominum
1797 1846 2181 1910 obversante

360 1958 611 2015 secreta
665 1951 863 2036 patris
918 1951 1217 2034 mitigari.
1307 1970 1518 2035 neque
1574 1951 1764 2015 luxus
1822 1952 1889 2014 in
1945 1950 2179 2015 iuvene

360 2053 525 2119 adeo
586 2053 997 2138 displicebat:
1074 2053 1199 2118 huc
1263 2054 1478 2137 potius
1542 2054 1940 2136 intenderet,
2010 2052 2180 2118 diem

362 2156 1002 2240 deambulationibus,
1044 2162 1303 2223 noctem
1335 2158 1643 2223 conviviis
1674 2159 1962 2223 traheret
1991 2179 2184 2243 quam

291 2282 342 2321 10
360 2261 533 2324 solus
574 2267 639 2324 et
673 2242 866 2324 nullis
910 2261 1348 2345 voluptatibus
1393 2267 1700 2327 avocatus
1734 2268 2047 2328 maestam
2083 2264 2179 2327 vi-

358 2363 689 2447 gilantiam
735 2369 801 2429 et
841 2366 1045 2429 malas
1091 2386 1274 2430 curas
1321 2372 1677 2431 exerceret.

488 2468 591 2531 38.
649 2467 713 2530 N
716 2488 799 2531 on
830 2468 1001 2532 enim
1030 2468 1345 2552 TiberiuS,
1389 2491 1520 2535 non
1560 2476 1963 2534 accusatores
1999 2470 2178 2534 fatis-

359 2571 607 2635 cebant.
698 2576 765 2636 et
819 2572 1180 2637 Ancharius
1235 2573 1496 2639 Priscus
1545 2573 1840 2639 Caesium
1892 2573 2179 2639 Cordum

356 2696 472 2759 pro
522 2675 783 2740 consule
816 2675 1046 2742 Cretae
1078 2678 1519 2762 postulaverat
1548 2678 1924 2763 repetundis
1956 2678 2177 2743 addito

356 2776 707 2841 maiestatis
754 2779 1043 2862 erimine,
1091 2780 1265 2864 quod
1312 2785 1448 2845 tum
1495 2781 1777 2845 omnium
1823 2782 2177 2846 accusatio-

314 2902 508 2951 5num
554 2881 1116 2966 complementum.
1189 2883 1427 2949 Caesar
1470 2884 1820 2950 Antistium
1867 2886 2177 2951 Veterem

358 3005 394 3049 e
457 2984 845 3070 primoribus
906 2986 1361 3071 Macedoniae,
1431 2988 1797 3054 absolutum
1855 2991 2177 3073 adulterii,

355 3088 681 3172 increpitis
738 3088 1053 3154 iudicibus
1113 3089 1194 3155 ad
1246 3090 1582 3157 dicendam
1628 3093 1981 3158 maiestatis
2029 3116 2174 3159 cau-

358 3215 495 3257 sam
546 3194 815 3257 retraxit
870 3199 941 3258 ut
985 3195 1314 3260 turbidum
1360 3203 1427 3261 et
1470 3196 1978 3283 Rhescuporidis
2024 3220 2174 3264 con-

357 3299 511 3363 siliis
557 3300 966 3383 permixtum,
1013 3321 1136 3385 qua
1172 3307 1558 3389 tempestate
1595 3302 1804 3386 Cotye
1836 3303 2172 3369 interfecto

287 3430 338 3470 10
355 3404 598 3467 bellum
660 3404 966 3469 adversus
1029 3426 1145 3469 nos
1207 3406 1518 3471 volverat.
1619 3406 1818 3490 igitur
1880 3428 2048 3491 aqua
2110 3413 2176 3471 et
