2467 3900
705 266 781 304 AB
808 265 1060 306 EXOESSU
1086 265 1215 305 DIVI
1242 265 1496 306 AUGUSTI
1522 267 1546 305 1
1572 267 1687 306 4-6.
2060 265 2095 320 5

269 425 605 512 Illyricum
663 426 958 491 Tiberius
1033 428 1326 512 properis
1403 428 1623 492 matris
1700 427 1930 491 litteris
1967 448 2095 500 ‚ac-

274 529 474 610 citur3
566 549 775 615 neque
853 531 1016 594 satis
1081 538 1460 615 conpertum
1535 537 1672 612 est,
1748 532 2099 616 spirantem
2117 559 2167 597 15

273 634 485 698 adhuc
528 632 897 718 Augustum
944 657 1025 699 an
1071 635 1436 699 exanimem
1482 635 1863 720 reppererit.
1936 635 2097 699 acri-

273 738 394 802 bus
449 759 725 822 namque
783 738 1091 803 custodiis
1153 737 1415 802 domum
1463 745 1529 802 et
1574 739 1709 803 vias
1771 743 2101 822 saepserat

273 841 457 905 Livia
493 842 774 925 laetique
807 840 1130 906 interdum
1170 843 1379 905 nuntii
1410 842 1858 926 vulgabantur,
1892 842 2100 906 donec

274 946 554 1030 provisis
598 966 762 1029 quae
823 950 1084 1029 tempus⁴
1135 947 1447 1010 monebat
1504 947 1697 1010 simul
1744 946 2098 1010 excessisse

273 1049 644 1132 Augustum
690 1056 756 1114 et
799 1069 1014 1114 rerum
1061 1049 1257 1134 potiri
1287 1049 1620 1114 Neronem
1652 1049 1822 1113 fama
1870 1049 2102 1113 eadem
2120 1077 2170 1115 20

273 1154 446 1218 tulit.

410 1261 468 1324 6.
532 1259 818 1324 Primum
863 1260 1108 1324 facinus
1166 1259 1323 1324 novi
1365 1258 1762 1344 principatus
1808 1258 1930 1322 fuit
1972 1257 2100 1322 Po-

277 1363 473 1427 stumi
501 1365 833 1450 Agrippae
869 1364 1122 1446 caedeS,
1170 1385 1361 1447 quem
1408 1363 1707 1447 ignarum
1753 1363 2101 1427 inermum-

277 1489 406 1552 que
439 1471 729 1554 quamvis
773 1471 1061 1534 firmatus
1107 1468 1320 1542 animo
1372 1467 1660 1532 centurio
1708 1487 1910 1552 aegre
1949 1487 2102 1531 con-

275 1571 453 1636 fecit.
559 1572 715 1636 nihil
778 1572 859 1636 de
929 1593 1006 1636 ea
1072 1594 1143 1637 re
1205 1572 1503 1636 Tiberius
1572 1570 1744 1655 apud
1808 1577 2103 1646 senatum
2190 1577 2199 1587 ’

279 1675 614 1740 disseruit:
684 1676 882 1760 patris
943 1675 1120 1740 iussa
1181 1675 1560 1757 simulabat,
1626 1674 1854 1759 quibus
1917 1695 2148 1758 prae-5

279 1779 641 1864 scripsisset
684 1779 938 1843 tribuno
973 1779 1308 1843 custodiae
1355 1779 1675 1864 adpositO,
1722 1799 1804 1842 ne
1846 1784 2104 1843 cuncta-

278 1889 457 1953 retur
499 1883 860 1969 Agrippam
902 1890 1112 1948 morte
1159 1883 1468 1967 adficere,
1532 1883 1919 1969 quandoque
1966 1884 2105 1968 ipse

277 2008 653 2072 supremum
701 1983 874 2053 diem
935 1989 1355 2074 explevisset.
1445 1989 1649 2053 multa
1710 1990 1847 2053 sine
1910 1989 2105 2052 dubio

279 2113 600 2177 saevaque
625 2092 964 2177 Augustus
1011 2094 1094 2158 de
1139 2094 1427 2159 moribus
1474 2094 1903 2158 adulescentis
1950 2115 2107 2178 que-

278 2203 417 2261 stus
461 2202 533 2260 ut
579 2198 856 2262 exilium
892 2198 1030 2262 eius
1077 2204 1337 2263 senatus
1390 2198 1683 2262 consulto
1756 2197 2110 2262 sanciretur
2127 2225 2177 2263 ιο

278 2301 676 2385 perfecerat:
741 2309 1028 2367 ceterum
1073 2302 1140 2367 in
1197 2304 1435 2367 nullius
1493 2322 1801 2385 umquam
1846 2323 2109 2366 suorum

277 2424 509 2467 necem
551 2403 805 2467 duravit
848 2424 1061 2489 neque
1107 2413 1386 2471 mortem
1431 2408 1658 2491 nepoti
1700 2427 1820 2489 pro
1874 2406 2111 2470 securi-

277 2513 418 2571 tate
489 2508 770 2592 privigni
841 2508 1104 2573 inlatam
1170 2508 1516 2573 credibile:
1612 2510 1878 2594 propius
1952 2532 2108 2576 vero

279 2611 612 2685 Tiberium
658 2632 733 2675 ac
777 2612 1062 2695 Liviam,
1107 2613 1288 2677 illum
1338 2624 1547 2697 metu,
1592 2615 1757 2678 hanc
1802 2636 2111 2679 noverca-

277 2715 450 2785 libus
515 2714 720 2795 odiis,
791 2716 1072 2800 suspecti
1149 2722 1214 2781 et
1276 2716 1463 2780 invisi
1527 2717 1789 2792 iuvenis,
1840 2716 2106 2781 caedem
2129 2743 2177 2781 1⁵

279 2818 712 2886 festinavisse.
786 2820 1105 2885 nuntianti
1138 2822 1517 2903 centurioni,
1549 2829 1620 2886 ut
1652 2842 1791 2885 mos
1820 2822 2109 2902 militiae,

279 2922 523 2987 factum
582 2944 724 2988 esse
781 2923 958 3008 quod
1016 2924 1429 3010 imperasset,
1488 2947 1697 3011 neque
1756 2926 2109 3011 imperasse

281 3049 428 3095 sese
476 3035 542 3092 et
584 3028 904 3092 rationem
948 3029 1102 3093 facti
1152 3030 1555 3095 reddendam
1600 3036 1756 3115 aput
1816 3037 2107 3095 senatum

279 3132 640 3218 respondit.
703 3133 878 3217 quod
915 3139 1258 3218 postquam
1302 3134 1641 3199 Sallustius
1669 3133 1931 3219 Crispus
1960 3155 2107 3219 par-

280 3237 488 3321 ticeps
546 3245 944 3301 secretorum
994 3237 1074 3318 (is
1121 3236 1205 3301 ad
1250 3238 1589 3302 tribunum·
1621 3237 1883 3309 miserat
1930 3238 2107 3302 codi-
2126 3264 2177 3303 20

284 3338 499 3421 cillos)
564 3342 917 3426 comperit,
981 3348 1278 3407 metuens
1341 3364 1425 3407 ne
1488 3362 1637 3406 reus
1702 3341 2107 3426 subderetur,

280 3446 466 3509 iuxta
495 3444 784 3529 periculo
817 3468 934 3511 suo
964 3446 1112 3511 ficta
1143 3467 1259 3510 seu
1292 3436 1445 3509 vera
1477 3451 1826 3530 promeret,
1859 3448 2109 3511 monuit
