2467 3900
620 247 695 284 AB
722 246 971 286 EXGESSU
998 246 1128 285 DIVI
1154 246 1410 286 AUGUSTI
1435 247 1504 285 111
1531 248 1702 287 21—28.
1959 244 2069 300 127

247 402 460 466 bravit
493 401 917 487 Cretensium,
952 426 1109 490 quas
1138 406 1375 488 Minos,
1409 406 1890 492 Spartanorum,
1922 432 2078 495 quas

247 507 605 592 LycurgUS,
654 529 726 572 ac
764 531 920 573 mox
956 509 1466 575 Atheniensibus
1500 515 1924 597 quaesitiores
1949 515 2080 578 iam

250 618 315 686 et
368 611 585 696 plures
634 613 826 697 Solo.
856 615 1250 700 perscripsit.
1344 615 1532 680 nobis
1588 616 1943 701 Romulus,
2006 626 2079 683 ut

246 714 539 799 libitum,
600 717 1115 802 imperitaverat:
1185 718 1337 783 dein
1383 719 1597 783 Numa
1655 722 2077 805 religionibus
2098 740 2148 779 15

252 826 317 883 et
350 819 565 885 divino
611 821 748 886 iure
783 823 1100 906 populum
1136 822 1432 888 devinxit
1461 831 1848 909 repertaque
1882 847 2074 910 quae-

250 924 397 988 dam
456 947 492 988 a
538 926 727 989 Tullo
793 932 858 991 et
902 925 1111 990 Anc0.
1204 925 1323 990 sed
1381 927 1766 1011 praecipuus
1813 928 2076 992 Servius

247 1029 497 1093 Tullius
544 1036 801 1095 sanctor
845 1031 1067 1114 legum
1110 1031 1252 1114 fuit,
1301 1031 1441 1116 quis
1489 1032 1683 1097 etiam
1725 1053 1913 1117 reges
1961 1034 2074 1098 ob-

247 1140 706 1218 temperarent.

379 1241 483 1304 27.
548 1239 745 1304 Pulso
807 1239 1155 1324 Tarquinio
1222 1240 1566 1305 adversum
1624 1247 1898 1325 patrum,
1941 1242 2072 1306 fac-

246 1345 459 1409 tiones
518 1345 722 1409 multa
778 1345 1058 1430 populus
1118 1345 1371 1428 paravit
1429 1344 1708 1409 tuendae
1757 1345 2074 1410 libertatis

249 1456 315 1512 et
358 1448 708 1514 firmandae
759 1447 1177 1529 concordiae3
1239 1449 1560 1533 creatique
1612 1448 1963 1514 decemviri
2011 1457 2076 1515 et

250 1555 466 1620 accitis
530 1575 694 1639 quae
762 1575 1034 1639 usquam
1106 1552 1373 1636 egregia
1450 1551 1847 1637 compositae
1915 1552 2072 1617 duo-

252 1659 461 1724 decim
490 1660 770 1742 tabulae,
802 1659 944 1722 finis
976 1658 1163 1742 aequi
1194 1657 1370 1721 iuris.
1419 1677 1570 1720 nam
1599 1662 1860 1722 secutae
1892 1658 2075 1741 leges
2094 1681 2120 1718 5

250 1763 371 1827 etsi
429 1763 770 1847 aliquando
830 1764 897 1826 in
958 1762 1286 1826 maleficos
1341 1781 1425 1824 ex
1484 1759 1754 1842 delicto,
1819 1763 2075 1846 saepius

247 1872 463 1931 tamen
510 1864 907 1932 dissensione
958 1867 1252 1931 ordinum
1301 1872 1369 1929 et
1423 1865 1751 1951 apiscendi
1797 1865 2075 1929 inlicitos

248 1974 529 2037 honores
570 1979 680 2036 aut
710 1971 999 2057 pellendi
1033 1971 1240 2034 claros
1272 1972 1445 2036 viros
1479 1969 1731 2054 aliaque
1766 1969 1847 2033 ob
1879 1991 2078 2055 prava

247 2098 365 2162 per
420 2077 549 2140 vim
608 2077 781 2140 latae
843 2082 1011 2139 sunt.
1103 2076 1254 2139 hinc
1304 2075 1580 2141 Gracchi
1642 2081 1706 2139 et
1752 2074 2076 2139 Saturnini

251 2180 611 2245 turbatores
656 2179 884 2265 plebis,
928 2200 1049 2242 nec
1096 2180 1310 2243 minor
1353 2179 1623 2262 largitor
1667 2178 1926 2241 nomine
1974 2199 2074 2242 se·
2097 2199 2149 2237 10

248 2290 438 2349 natus
483 2284 766 2364 Drusus3
830 2284 1115 2365 corrupti
1162 2304 1277 2366 spe
1325 2289 1434 2346 aut
1477 2284 1670 2347 inlusi
1712 2304 1831 2367 per
1877 2284 2074 2348 inter-
2202 2267 2206 2271 ¹

251 2388 612 2463 cessionem
658 2388 839 2451 socii.
902 2408 977 2451 ac
1006 2407 1089 2451 ne
1120 2386 1296 2450 bello
1336 2387 1598 2471 quidem
1625 2386 1876 2469 Italico,
1922 2408 2077 2452 mox

253 2492 423 2556 civili
468 2492 775 2556 omissum
815 2492 965 2576 quin
995 2492 1199 2556 multa
1230 2497 1296 2555 et
1343 2492 1598 2556 diversa
1633 2493 2075 2575 sciscerentur,

253 2596 460 2660 donec
531 2595 603 2658 L.
666 2594 845 2659 Sulla
918 2594 1193 2658 dictator
1259 2594 1516 2659 abolitis
1579 2596 1684 2659 vel
1748 2596 2076 2660 conversis

251 2701 571 2785 prioribus
632 2721 775 2764 oum
826 2700 1015 2784 plura
1074 2698 1466 2780 addidisset,
1533 2700 1734 2763 otium
1790 2699 1966 2764 haud
2011 2701 2079 2763 in
2096 2724 2148 2763 15

250 2807 520 2889 longum
564 2803 834 2890 paravit,
882 2803 1097 2867 statim
1143 2802 1415 2866 turbidis
1445 2802 1680 2887 Lepidi
1724 2804 2077 2886 rogationi-

250 2912 368 2975 bus
399 2931 609 2993 neque
638 2910 841 2973 multo
872 2914 1020 2995 post
1043 2908 1315 2972 tribunis
1347 2908 1602 2972 reddita
1630 2908 1892 2971 licentia
1921 2929 2077 2992 quo-

252 3036 376 3101 quo
414 3013 659 3078 vellent
694 3013 1008 3098 populum
1044 3012 1352 3096 agitandi.
1422 3013 1676 3096 iamque
1711 3033 1844 3075 non
1881 3012 2077 3075 modo

250 3117 316 3181 in
341 3137 703 3199 commune,
737 3116 854 3181 sed
877 3117 943 3180 in
974 3116 1264 3198 singulos
1288 3116 1582 3180 homines
1605 3116 1774 3180 latae
1803 3116 2079 3201 quaesti-

255 3241 428 3302 oneS,
476 3225 541 3284 et
587 3210 1067 3305 corruptissima
1111 3240 1180 3283 re
1227 3219 1486 3304 publica
1529 3220 1845 3305 plurimae
1875 3220 2077 3301 leges.
2095 3248 2146 3287 20

384 3327 485 3387 28.
550 3324 717 3388 Tum
757 3323 873 3388 Cn.
904 3324 1258 3408 Pompeius
1305 3324 1565 3389 tertium
1609 3324 1834 3387 consul
1880 3322 2074 3386 corri-

252 3427 480 3512 gendis
546 3430 830 3493 moribus
898 3429 1219 3511 delectus,
1285 3434 1386 3493 set
1451 3428 1709 3511 gravior
1770 3426 2075 3491 remediis
