2467 3900
676 233 751 272 ΑΒ
778 232 1029 272 Excssssu
1057 233 1184 272 mvl
1210 233 1466 274 AUGUSTI
1492 233 1515 272 1
1542 234 1711 275 65—69.
2023 229 2096 284 49

409 393 511 456 68.
581 391 778 456 Haud
825 393 1035 456 minus
1093 393 1344 477 inquies
1393 391 1753 456 Germanus
1815 393 2097 477 praedae

276 497 579 582 cupidine
657 502 723 560 et
791 495 1060 560 diversis
1126 495 1359 560 ducum
1435 497 1773 561 sententiis
1844 498 2101 582 agebat,

273 601 570 666 Arminio
620 603 904 666 sinerent
950 601 1173 684 egredi
1214 621 1641 686 egressosque
1689 623 1940 666 rursum
1983 623 2103 686 per

273 705 496 770 umida
541 713 606 771 et
649 705 938 792 inpedita
977 707 1509 771 circumvenirent
1555 706 1887 788 suadente,
1932 713 2101 768 atro-

279 812 454 874 ciora
507 809 927 894 Inguiomero
991 816 1057 874 et
1121 811 1296 875 laeta
1352 813 1669 893 barbariS,
1733 816 1804 874 ut
1859 811 2145 875 vallum5

277 913 469 976 armis
501 913 854 978 ambirent:
886 920 1253 998 promptam
1286 917 1855 998 expugnationem,
1885 915 2104 999 plures

279 1017 586 1102 captivos,
618 1017 1054 1102 incorruptam
1085 1017 1395 1102 praedam
1417 1019 1579 1083 fore.
1617 1020 1813 1104 igitur
1836 1026 1976 1084 orta
1996 1019 2101 1083 die

277 1126 732 1206 prorumpunt,
794 1122 979 1186 fossis
1031 1122 1301 1186 iniciunt
1348 1129 1584 1205 crates,
1646 1145 1895 1188 summa
1950 1124 2103 1188 valli

277 1233 616 1310 prensant,
674 1247 817 1289 raro
869 1246 1063 1310 super
1125 1227 1329 1290 milite
1377 1232 1442 1291 et
1487 1228 1669 1311 quasi
1727 1229 1809 1291 ob
1855 1234 2099 1292 metum

281 1329 516 1394 defixo.
627 1335 970 1414 postquam
1019 1330 1308 1395 'haesere
1390 1331 1835 1414 munimentiS,
1916 1331 2101 1394 datur
2121 1357 2174 1396 ιο

282 1435 650 1499 cohortibus
683 1435 938 1518 signum
971 1456 1334 1520 cornuaque
1368 1458 1442 1500 ac
1471 1437 1664 1500 tubae
1698 1437 2100 1500 concinuere.

280 1539 434 1602 exin
480 1539 759 1602 clamore
807 1545 872 1602 et
916 1540 1163 1624 impetu
1216 1542 1416 1622 tergis
1466 1539 1938 1604 Germanorum
1985 1541 2103 1603 cir-

281 1642 811 1725 cumfunduntur,
882 1644 1348 1728 exprobrantes
1395 1665 1525 1707 non
1578 1644 1683 1706 hic
1730 1644 1923 1707 silvas
1981 1665 2102 1708 nec
2152 1671 2157 1675 ’

277 1746 586 1832 paludeS,
651 1748 766 1812 sed
831 1749 1054 1831 aequis
1117 1747 1277 1810 locis
1339 1767 1578 1829 aequos
1646 1746 1821 1810 deos.
1933 1747 2104 1810 hosti

278 1852 465 1915 facile
514 1852 841 1916 excidium
887 1857 953 1916 et
988 1872 1228 1935 paucos
1273 1873 1350 1914 ac
1396 1872 1747 1915 semermos
1796 1852 2103 1933 cogitanti
2121 1873 2173 1911 15

281 1978 476 2020 sonus
519 1958 838 2040 tubarum,
886 1957 1100 2041 fulgor
1145 1978 1488 2038 armorum,
1534 1963 1770 2041 quanto
1819 1958 2100 2042 inopina,

279 2065 458 2124 tanto
506 2062 749 2124 maiora
796 2060 1232 2143 offunduntur,
1283 2060 1745 2144 cadebantque,
1791 2066 1863 2123 ut
1907 2062 2100 2124 rebus

279 2164 582 2229 secundis
645 2166 855 2247 avidi,
916 2166 1006 2229 ita
1069 2164 1355 2231 adversis
1422 2166 1682 2230 incauti.
1769 2165 2101 2230 Arminius

277 2271 567 2353 integer,
611 2270 1063 2352 Inguiomerus
1107 2276 1259 2354 post
1300 2292 1498 2355 grave
1544 2272 1776 2335 vulnus
1820 2293 2101 2357 pugnam

282 2374 666 2438 deseruere:
737 2374 968 2458 vulgus
1027 2376 1418 2439 trucidatum
1463 2381 1595 2458 est,
1642 2377 1851 2440 donec
1894 2377 1993 2439 ira
2040 2383 2105 2439 et
2124 2398 2177 2437 20

281 2478 421 2543 dies
466 2480 836 2563 permansit.
903 2487 1094 2545 nocte
1135 2480 1396 2545 demum
1442 2502 1741 2545 reversae
1787 2480 2102 2565 legiones,

281 2584 571 2667 quamvis
616 2586 760 2667 plus
800 2584 1160 2668 vulnerum,
1209 2584 1437 2649 eadem
1486 2592 1741 2669 egestas
1784 2586 2103 2669 fatigaret,

279 2693 501 2751 tamen
547 2688 889 2752 sanitatem
939 2688 1154 2771 copias
1200 2689 1268 2752 in
1313 2688 1586 2752 victoria
1630 2688 1937 2754 habuere.

413 2792 516 2854 69.
581 2792 967 2856 Pervaserat
1010 2794 1272 2856 interim
1318 2794 1735 2857 circumventi
1781 2796 2104 2858 exercitus

279 2895 454 2958 fama
485 2901 550 2959 et
592 2896 824 2959 infesto
862 2894 1331 2960 Germanorum
1368 2898 1624 2980 agmine
1661 2897 1903 2961 Gallias
1948 2899 2103 2982 peti,

282 3021 359 3063 ac
403 3000 469 3062 ni
511 2998 875 3083 Agrippina
927 2990 1279 3085 inpositum
1324 3000 1557 3065 Rheno
1616 3008 1885 3086 pontem
1941 3002 2105 3065 solvi

280 3102 759 3187 prohibuisset,
833 3110 1018 3167 erant
1081 3105 1188 3187 qui
1252 3104 1319 3167 id
1384 3106 1697 3189 flagitium
1758 3106 2103 3170 formidine

283 3207 616 3272 auderent.
710 3206 826 3271 sed
870 3207 1110 3271 femina
1149 3192 1385 3291 ingens
1432 3209 1629 3273 animi
1673 3209 1891 3273 munia
1923 3207 2151 3271 ducis5

285 3333 402 3396 per
449 3332 562 3375 eos
611 3310 748 3375 dies
804 3310 1015 3374 induit
1074 3311 1542 3395 militibusque,
1602 3318 1673 3376 ut
1718 3314 1857 3395 quis
1915 3312 2103 3396 inops

286 3422 398 3480 aut
469 3416 754 3497 saucius,
821 3421 1067 3480 vestem
1131 3421 1198 3479 et
1266 3415 1553 3479 fomenta
1621 3415 1919 3499 dilargita
1986 3423 2103 3479 est.
