2467 3900
397 211 511 278 17'2
900 217 905 222 ’
1063 219 1342 264 0011110111
1369 223 1566 264 mom

528 383 627 445 18.
692 380 836 456 Qua
882 377 1077 446 causa
1120 380 1194 446 O.
1241 381 1472 446 Silium
1516 388 1583 446 01
1625 381 1866 446 Τ11111111
1912 381 2226 448 Sabinum

395 486 793 572 adgreditur.
882 487 1165 552 amicitia
1210 485 1578 552 Germanici
1638 487 2005 570 perniciosa
2061 487 2224 553 utri-

397 610 543 675 que,
587 588 745 655 Silio
799 596 863 654 et
910 589 1084 674 quod
1129 588 1420 672 ingentis
1463 590 1786 654 exercitus
1819 596 2072 675 septem
2107 611 2228 676 per
2283 641 2290 648 .

394 715 599 759 annos
615 693 989 759 moderator
1008 693 1340 779 partisque
1363 693 1538 779 apud
1561 694 1972 758 Germaniam
1993 695 2222 760 trium-

351 817 375 856 5
393 798 693 884 phalibus
738 797 1170 863 Sacroviriani
1213 798 1374 862 belli
1415 797 1643 880 victor,
1689 803 1928 882 quanto
1975 800 2223 866 maiore

395 902 567 967 mole
607 900 999 986 procideret,
1029 901 1175 986 plus
1206 900 1567 967 formidinis
1595 901 1663 965 in
1693 901 1855 967 alios
1887 902 2223 988 disperge-

393 1007 601 1070 batur.
711 1005 1063 1071 credebant
1120 1007 1416 1092 plerique
1480 1013 1732 1072 auctam
1795 1007 2224 1075 offensionem

394 1109 593 1196 ipsius
626 1170 631 1175 ,
659 1111 1156 1196 intemperantia
1172 1159 1189 1192 ,
1264 1109 1609 1175 immodice
1673 1113 1970 1177 iactantis
2035 1134 2228 1178 suum

394 1215 666 1280 militem
710 1216 777 1279 in
824 1214 1131 1300 obsequio
1180 1213 1534 1298 duravisse,
1582 1235 1727 1279 cum
1769 1215 1882 1279 alii
1925 1215 2007 1280 ad
2049 1217 2220 1282 sedi-

324 1320 605 1385 lotiones
663 1319 1187 1404 prolaberentur3
1253 1339 1465 1402 neque
1531 1339 1904 1384 mansurum
1959 1319 2220 1388 Tiberio

394 1424 768 1508 imperium,
837 1425 891 1486 si
948 1422 1029 1486 iis
1083 1442 1344 1507 quoque
1399 1422 1763 1507 legionibus
1822 1425 2059 1510 cupido
2103 1447 2222 1491 no-

393 1527 587 1593 vandi
631 1527 878 1591 fuisset.
970 1527 1217 1592 destrui
1276 1548 1394 1612 per
1444 1527 1610 1592 haec
1667 1528 1990 1594 fortunam
2038 1553 2220 1596 suam

396 1630 636 1696 Caesar
692 1632 1110 1716 inparemque
1166 1636 1349 1697 tanto
1411 1631 1643 1698 merito
1700 1632 1982 1698 rebatur.
2070 1656 2223 1699 nam

392 1736 706 1803 beneficia
751 1757 829 1801 eo
874 1756 1082 1822 usque
1125 1736 1302 1801 laeta
1344 1742 1512 1818 sunt,
1559 1737 1711 1801 dum
1756 1737 2060 1803 videntur
2103 1759 2219 1804 ex-

323 1864 373 1904 15
392 1840 555 1905 solvi
598 1862 825 1925 posse:
884 1841 996 1905 ubi
1040 1841 1315 1904 multum
1359 1845 1788 1924 antevenere,
1845 1861 1962 1926 pro
2008 1843 2221 1926 gratia

393 1946 610 2013 odium
653 1947 966 2013 redditur.

524 2054 623 2115 19.
701 2052 859 2117 Erat
935 2072 1105 2116 uxor
1170 2052 1331 2117 Silio
1396 2051 1583 2117 Sosia
1644 2051 1865 2136 Galla,
1949 2055 2216 2120 caritate

388 2155 787 2241 Agrippinae
835 2156 1041 2219 invisa
1074 2154 1373 2240 principi.
1438 2155 1561 2220 hos
1609 2158 1844 2243 corripi
1890 2157 2089 2222 dilato
2127 2158 2215 2222 ad

386 2268 641 2347 tempus
687 2260 925 2325 Sabino
972 2259 1282 2344 placitum
1325 2258 1755 2346 inmissusque
1799 2261 2011 2326 Varro
2058 2282 2214 2326 con-

390 2365 507 2447 sul,
540 2366 647 2448 qui
679 2369 982 2448 paternas
1012 2362 1383 2428 inimicitias
1416 2361 1776 2429 obtendens
1808 2364 1972 2429 odiis
1995 2364 2216 2430 Seiani

342 2496 366 2535 5
386 2490 505 2554 per
567 2467 852 2533 dedecus
910 2488 1094 2532 suum
1146 2468 1643 2551 gratificabatur.
1735 2476 2040 2554 precante
2098 2490 2214 2534 reo

384 2576 653 2639 brevem
696 2592 974 2655 moram,
1022 2571 1177 2635 dum
1222 2577 1560 2636 accusator
1605 2573 1944 2637 consulatu
1986 2571 2214 2656 abiret,

384 2677 762 2742 adversatus
801 2683 901 2742 est
934 2676 1205 2742 Caesar:
1253 2677 1513 2742 solitum
1542 2678 1780 2763 quippe
1821 2678 2214 2762 magistrati-

383 2783 505 2846 bus
552 2780 725 2846 diem
768 2781 1035 2865 privatis
1081 2781 1330 2861 dicere3
1375 2799 1499 2845 nec
1540 2781 2017 2866 infringendum
2058 2803 2214 2848 con-

386 2887 541 2951 sulis
584 2886 717 2969 ius,
774 2886 952 2950 cuius
996 2883 1235 2968 vigiliis
1278 2886 1593 2949 niteretur
1636 2885 1901 2971 nequod
1943 2908 2048 2951 res
2092 2908 2212 2973 pu-

314 3014 366 3055 10
382 2990 551 3055 blica
622 2991 1078 3055 detrimentum
1161 2994 1443 3073 caperet.
1549 2990 1880 3076 proprium
1940 2990 2203 3055 Tiberio

384 3096 633 3160 scelera
706 3113 915 3178 nuper
985 3098 1248 3176 reperta
1310 3092 1538 3178 priscis
1598 3092 1814 3158 verbis
1879 3094 2212 3177 obtegere.

382 3198 581 3284 igitur
623 3198 829 3262 multa
856 3196 1372 3280 adseveratione,
1419 3197 1600 3281 quasi
1630 3202 1743 3261 aut
1771 3197 2024 3281 legibus
2065 3220 2211 3263 cum

382 3302 541 3367 Silio
606 3307 913 3385 ageretur
976 3305 1087 3365 aut
1146 3298 1357 3365 Varro
1427 3301 1652 3366 consul
1713 3306 1824 3365 aut
1881 3302 2044 3366 illud
2103 3323 2212 3367 res

382 3405 644 3490 publica
689 3412 895 3489 esset,
958 3410 1276 3488 coguntur
1319 3412 1554 3489 patres.
1645 3405 1877 3471 silente
1923 3427 2036 3471 reo
2082 3406 2211 3489 vel,
