2467 3900
369 181 481 240 180
1036 184 1316 224 counnnn
1339 183 1538 224 mAcrm

496 345 599 409 31.
662 343 785 408 His
831 351 965 407 tam
1008 342 1296 407 adsiduis
1343 349 1600 426 tamque
1636 341 1898 406 maestis
1941 341 2204 406 modica

364 451 611 515 laetitia
667 449 1061 532 intericitur‚
1120 449 1294 533 quod
1357 447 1430 512 O.
1493 447 1858 512 Cominium
1914 445 2203 530 equitem

362 555 761 638 Romanum,
823 554 1124 639 probrosi
1186 555 1254 617 in
1316 575 1388 618 se
1451 551 1752 616 carminis
1815 550 2200 631 convictum,

368 660 609 725 Caesar
635 658 932 743 precibus
963 658 1194 739 fratris,
1230 656 1342 741 qui
1373 663 1633 721 senator
1663 662 1818 738 erat,
1859 654 2201 720 concessit.

322 781 347 819 5
366 784 492 847 quo
538 764 743 848 magis
788 763 1021 828 mirum
1063 762 1420 828 habebatur
1457 781 1727 846 gnarum
1759 759 2097 825 meliorum
2129 764 2201 823 et

365 888 529 952 quae
576 867 745 932 fama
791 867 1197 932 clementiam
1241 869 1618 949 sequeretur
1662 863 1947 928 tristiora
1981 863 2200 928 malle.

365 993 576 1057 neque
622 972 793 1038 enim
840 971 1137 1037 socordia
1180 970 1521 1056 peccabat;
1570 989 1690 1032 nec
1723 967 2048 1032 occultum
2078 971 2201 1048 est,

365 1075 622 1160 quando
688 1098 773 1142 ex
827 1076 1131 1158 veritate,
1199 1072 1457 1159 quando
1518 1070 1896 1137 adumbrata
1951 1070 2201 1136 laetitia

364 1179 533 1244 facta
588 1180 1052 1264 imperatorum
1098 1178 1524 1244 celebrentur.
1613 1177 1766 1260 quin
1812 1176 1949 1260 ipse
1968 1225 1984 1258 ,
2045 1195 2200 1239 con·

300 1297 352 1338 1⁰
366 1286 613 1370 positus
658 1285 815 1348 alias
863 1289 929 1348 et
954 1284 1136 1348 velut
1167 1281 1586 1348 eluctantium
1617 1280 1978 1358 verborum,
2022 1279 2198 1345 solu-

365 1389 491 1454 tius
535 1388 1025 1473 promptiusque
1072 1387 1516 1471 eloquebatur,
1564 1386 1865 1470 quotiens
1897 1383 2201 1449 subveni-

366 1499 483 1556 ret.
574 1497 640 1554 at
693 1492 767 1555 P.
823 1490 1119 1554 Suillium
1174 1495 1582 1575 quaestorem
1645 1487 1972 1573 quondam
2029 1485 2197 1550 Ger-

368 1595 630 1677 manici,
684 1616 831 1658 cum
872 1595 1065 1660 Italia
1109 1601 1438 1660 arceretur
1483 1593 1812 1658 convictus
1856 1591 2198 1677 pecuniam

370 1701 453 1764 ob
508 1719 647 1762 rem
702 1698 1114 1765 iudicandam
1168 1699 1450 1784 cepisse,
1509 1697 1940 1763 amovendum
1985 1697 2052 1760 in
2096 1697 2198 1759 in-

301 1820 351 1859 15
368 1804 571 1869 sulam
632 1805 911 1886 censuit,
970 1810 1149 1870 tanta
1194 1803 1608 1871 contentione
1654 1802 1883 1882 animi,
1943 1806 2013 1865 ut
2052 1801 2196 1865 iure

366 1909 633 1975 iurando
683 1909 1115 1995 obstringeret
1160 1930 1197 1973 e
1243 1929 1314 1973 re
1359 1907 1618 1993 publica
1660 1906 1729 1972 id
1775 1927 1938 1971 esse.
2019 1905 2197 1991 quod

366 2034 594 2098 aspere
626 2006 962 2099 acceptum
992 2012 1076 2077 ad
1100 2032 1408 2097 praesens
1437 2032 1594 2077 mox
1622 2013 1689 2077 in
1715 2011 1977 2076 laudem
2002 2011 2202 2075 vertit

364 2105 663 2201 regresso
710 2116 972 2197 Suilli03
1019 2136 1213 2200 quem
1259 2114 1424 2181 vidit
1467 2136 1744 2200 sequens
1790 2122 1966 2181 aetas
2012 2134 2199 2201 prae-

366 2225 732 2305 potentem,
789 2221 1087 2285 venalem
1150 2226 1215 2285 et
1264 2220 1521 2285 Claudii
1564 2221 1871 2307 principis
1915 2219 2198 2285 amicitia

295 2342 347 2383 20
370 2323 480 2389 diu
508 2344 841 2409 prospere,
870 2344 1221 2408 numquam
1252 2326 1420 2389 bene
1451 2346 1656 2391 usum.
1723 2324 1951 2391 eadem
1983 2344 2199 2410 poena

366 2430 435 2493 in
480 2428 710 2493 Catum
742 2428 1053 2494 Firmium
1100 2436 1464 2495 senatorem
1505 2430 1824 2511 statuitur,
1868 2433 2198 2512 tamquam

364 2532 542 2596 falsis
612 2532 965 2597 maiestatis
1036 2532 1408 2599 criminibus
1481 2554 1770 2599 sororem
1838 2532 2192 2617 petivisset.

370 2636 567 2701 Catus
587 2686 603 2719 ,
677 2642 751 2702 ut
822 2638 1041 2703 rettuli
1059 2687 1075 2720 ,
1146 2636 1468 2702 Libonem
1539 2637 1861 2703 inlexerat
1924 2636 2195 2719 insidiis,

369 2741 602 2807 deinde
668 2741 907 2808 indicio
971 2742 1354 2827 perculerat.
1445 2741 1583 2805 eius
1649 2761 1884 2826 operae
1945 2760 2196 2806 memor

297 2872 350 2913 π
366 2846 661 2911 Tiberius
706 2847 824 2913 sed
868 2848 995 2912 alia
1038 2846 1472 2932 praetendens
1510 2846 1778 2910 exilium
1811 2846 2196 2930 deprecatus

368 2958 499 3016 est:
548 2974 673 3038 quo
717 2954 925 3017 minus
972 2956 1200 3016 senatu
1243 2951 1600 3035 pelleretur
1640 2970 1773 3014 non
1820 2949 2087 3015 obstitit.

496 3057 597 3119 32.
665 3057 985 3141 Pleraque
1056 3076 1281 3122 eorum
1302 3104 1318 3136 ,
1387 3075 1554 3137 quae
1619 3054 1840 3119 rettuli
1903 3074 2195 3137 quaeque

364 3159 661 3243 referam,
705 3180 905 3245 parva
950 3158 1219 3223 forsitan
1267 3164 1332 3223 et
1376 3158 1548 3225 levia
1589 3164 1952 3223 memoratu
1987 3156 2198 3223 videri

364 3286 497 3329 non
539 3264 794 3330 nescius
840 3283 1013 3327 sum:
1060 3260 1179 3325 sed
1222 3282 1417 3327 nemo
1465 3261 1732 3327 annales
1760 3266 2020 3327 nostros
2049 3282 2196 3325 cum

367 3368 680 3458 scriptura
736 3386 960 3430 eorum
1021 3363 1459 3447 contenderit,
1517 3364 1626 3450 qui
1670 3371 1927 3430 veteres
1970 3365 2197 3450 populi
