2467 3900
410 239 520 296 182
929 276 933 279 .
1072 242 1352 282 connnnn
1379 242 1573 282 rAcm

402 408 541 468 tum
586 401 863 484 antiquis
910 399 1328 485 scriptoribus
1372 421 1554 464 rarus
1595 402 1992 466 obtrectator
2021 419 2235 483 neque

402 507 599 570 refert
640 505 1015 588 cuiusquam
1045 504 1324 568 Punicas
1353 504 1764 570 Romanasne
1798 505 1970 570 acies
1999 505 2237 569 laetius

404 610 746 677 extuleris:
794 615 861 674 at
905 611 1275 693 multorum,
1321 609 1432 694 qui
1475 610 1735 674 Tiberio
1773 613 2044 694 regente
2072 627 2232 693 poe-

401 735 515 779 nas
560 713 667 778 vel
710 713 1039 778 infamiam
1084 713 1360 796 subiere,
1405 714 1653 798 posteri
1681 719 1964 779 manent.
2035 719 2233 797 utque

332 839 384 881 25
398 818 683 883 familiae
728 819 905 903 ipsae
950 817 1079 882 iam
1124 817 1450 881 extinctae
1491 817 1634 900 sint,
1678 817 1968 902 reperias
2007 817 2118 901 qui
2149 818 2233 881 ob

400 921 887 988 similitudinem
931 943 1185 986 morum
1219 920 1440 986 aliena
1481 919 1824 1002 malefacta
1865 921 1986 986 sibi
2019 921 2258 986 obiec-*

400 1028 520 1094 tari
566 1032 814 1114 putent.
892 1027 1084 1090 etiam
1124 1025 1332 1110 gloria
1362 1046 1435 1089 ac
1467 1025 1668 1090 virtus
1698 1023 1986 1089 infensos
2015 1025 2232 1108 habet,

400 1137 473 1198 ut
528 1133 713 1196 nimis
760 1152 847 1196 ex
889 1130 1252 1215 propinquo
1301 1128 1554 1193 diversa
1599 1150 1896 1214 arguens.
1987 1128 2103 1194 sed
2148 1129 2234 1193 ad

402 1241 634 1320 coepta
680 1234 903 1300 redeo,

532 1342 633 1405 34.
702 1338 1009 1404 Cornelio
1072 1336 1278 1402 Oosso
1327 1336 1557 1401 Asinio
1604 1335 1901 1422 Agrippa
1955 1339 2234 1401 consuli-

400 1443 517 1508 bus
567 1442 929 1507 Cremutius
976 1440 1229 1505 Oordus
1286 1441 1682 1526 postulatur,
1739 1461 1909 1505 novo
1959 1462 2033 1504 ac
2077 1447 2232 1506 tunc

401 1548 675 1632 primum
712 1544 933 1611 audito
968 1546 1251 1626 crimine,
1297 1544 1472 1628 quod
1507 1543 1696 1607 editis
1727 1545 2062 1609 annalibus
2091 1545 2230 1608 lau·-

405 1651 681 1736 datoque
734 1651 822 1716 M.
868 1650 1071 1715 Bruto
1124 1649 1196 1714 O.
1246 1649 1540 1712 Cassium
1583 1647 2026 1714 Romanorum
2083 1649 2231 1714 ulti-

358 1775 577 1824 smum
642 1754 929 1819 dixisset.
1018 1753 1406 1818 accusabant
1463 1751 1738 1816 Satrius
1770 1752 2103 1817 Secundus
2168 1761 2235 1818 et

399 1859 694 1923 Pinarius
745 1858 977 1940 Natta,
1036 1857 1255 1921 Seiani
1313 1856 1600 1920 clientes.
1690 1856 1755 1920 id
1815 1858 2232 1942 perniciabile

399 1985 513 2029 reo
562 1970 629 2029 et
676 1962 915 2027 Caesar
958 1960 1126 2025 truci
1171 1961 1354 2025 vultu
1401 1960 1846 2027 defensionem
1891 1963 2231 2048 accipiens,

401 2088 593 2151 quam
662 2066 1027 2132 Cremutius
1101 2064 1567 2150 relinquendae
1642 2066 1814 2131 vitae
1881 2073 2094 2131 certus
2164 2067 2232 2129 in

398 2175 570 2237 hunc
631 2170 896 2235 modum
960 2191 1232 2235 exorsus
1297 2178 1426 2234 est:
1497 2173 1715 2253 ,verba
1775 2193 1953 2255 mea,
2014 2177 2231 2256 patres

228 2262 231 2267 ⁵
331 2305 383 2344 10
401 2274 783 2358 conscripti,
850 2277 1235 2357 arguuntur:
1311 2272 1476 2338 adeo
1545 2275 1860 2340 factorum
1919 2276 2231 2340 innocens

400 2400 576 2444 sum..
640 2376 756 2441 sed
798 2396 1010 2461 neque
1054 2378 1218 2442 haec
1263 2378 1331 2444 in
1375 2379 1732 2464 principem
1773 2383 1884 2441 aut
1922 2379 2231 2464 principis

398 2486 764 2567 parentem,
810 2502 971 2565 quos
1016 2481 1125 2545 lex
1170 2484 1524 2547 maiestatis
1571 2483 2009 2567 amplectitur:
2064 2484 2229 2547 Bru-

399 2592 538 2651 tum
578 2590 643 2649 et
676 2584 969 2649 Cassium
997 2584 1362 2651 laudavisse
1399 2586 1597 2669 dicor,
1643 2607 1917 2671 quorum
1945 2609 2050 2653 res
2081 2608 2231 2671 ges-

400 2696 519 2772 tas,
567 2709 713 2753 cum
755 2689 1013 2775 plurimi
1046 2692 1544 2776 composuerint,
1588 2713 1778 2757 nemo
1813 2694 1950 2758 sine
1981 2695 2230 2759 honore

331 2829 381 2868 15
401 2792 801 2859 memoravit.
890 2791 1072 2857 Titus
1132 2794 1356 2859 Livius
1381 2844 1398 2877 ‚
1466 2796 1877 2879 eloquentiae
1939 2819 2016 2862 ac
2077 2798 2230 2863 fidei

398 2898 765 2982 praeclarus
824 2897 890 2961 in
941 2898 1196 2983 primis,
1259 2898 1376 2963 Gn.
1421 2900 1808 2985 Pompeium
1850 2902 2045 2968 tantis
2090 2905 2229 2967 lau-

402 3001 589 3066 dibus
635 3002 801 3085 tulit,
846 3009 919 3066 ut
946 3002 1418 3087 Pompeianum
1464 3026 1614 3069 eum
1640 3005 1973 3092 Augustus
1991 3009 2229 3093 appel-

400 3107 588 3188 laret;
625 3126 836 3189 neque
866 3105 1283 3171 idamicitiae
1309 3129 1534 3173 eorum
1559 3110 1797 3176 offecit.
1840 3111 2229 3197 Scipionem,

398 3210 769 3291 Afranium,
831 3210 1004 3273 hunc
1066 3211 1279 3295 ipsum
1342 3213 1666 3298 Cassium,
1706 3216 1898 3300 *hunc
1954 3217 2230 3281 Brutum

330 3346 383 3385 20
399 3334 714 3397 nusquam
770 3313 1054 3379 latrones
1116 3321 1181 3379 et
1237 3318 1615 3403 parricidas,
1676 3341 1840 3405 quae
1896 3344 2062 3386 nunc
2115 3344 2230 3387 vo-

403 3417 628 3481 cabula
655 3417 1068 3500 inponuntur,
1102 3440 1296 3503 saepe
1325 3428 1395 3485 ut
1426 3422 1694 3507 insignis
1723 3424 1898 3488 viros
1918 3426 2226 3490 nominat.
