2467 3900
349 217 461 272 184
1031 219 1307 258 CORNELII
1334 218 1532 258 'rAcrrr

351 378 636 444 cordiam
691 399 915 444 eorum
960 375 1241 440 inridere
1287 375 1479 456 libet,
1540 375 1647 458 qui
1692 375 2015 458 praesenti
2060 397 2177 460 po-

264 545 278 558 ,
349 482 552 547 tentia
596 481 869 548 credunt
899 479 1192 564 extingui
1221 499 1413 564 posse
1450 478 1643 543 etiam
1675 481 2001 563 sequentis
2033 482 2180 544 aevi

349 587 748 652 memoriam.
834 605 983 648 nam
1046 589 1269 649 contra
1330 583 1571 669 punitis
1628 584 1906 667 ingeniis
1964 585 2182 668 gliscit

281 717 330 756 20
350 688 698 754 auctoritas
728 709 936 772 neque
969 687 1144 752 aliud
1177 687 1428 752 externi
1458 707 1647 770 reges
1680 693 1790 752 aut
1814 689 1923 772 qui
1948 688 2178 754 eadem

351 793 619 858 saevitia
661 792 761 856 usi
803 800 952 857 sunt
995 793 1118 856 nisi
1164 791 1447 857 dedecus
1493 792 1612 856 sibi
1650 799 1843 875 atque
1874 791 2002 856 illis
2033 792 2176 875 glo-

348 899 512 962 riam
559 917 896 982 peperere.
1541 971 1556 984 ·

481 1004 582 1066 36.
649 1001 953 1067 Ceterum
981 1031 986 1040 ·
1013 1001 1419 1085 postulandis
1474 1001 1603 1064 reis
1648 1008 1779 1064 tam
1840 1001 2179 1065 continuus

263 1186 266 1190 .
349 1128 576 1190 annm,
623 1113 696 1170 ut
739 1106 1040 1170 feriarum
1086 1105 1462 1169 Latinarum
1510 1104 1737 1169 diebus
1783 1107 2180 1190 praefectum

347 1211 524 1275 urbis
567 1210 854 1274 Drusum
911 1207 1287 1292 auspicandi
1344 1209 1551 1292 gratia
1608 1208 1883 1273 tribunal
1932 1209 2179 1293 ingres·

350 1337 491 1378 sum
537 1314 770 1380 adierit
817 1313 1200 1397 Calpurnius
1248 1311 1583 1378 Salvianus
1626 1313 1694 1376 in
1738 1311 2007 1377 Sextum
2037 1313 2176 1378 Ma-

305 1419 544 1483 srium:
609 1417 786 1502 quod
845 1440 884 1482 a
943 1416 1220 1482 Caesare
1279 1418 1493 1502 palam
1548 1419 1929 1502 increpitum
1989 1439 2180 1483 causa

351 1523 530 1587 exilii
575 1521 898 1585 Salviano.
975 1521 1230 1585 obiecta
1275 1521 1531 1606 publice
1567 1521 1899 1608 Cyzicenis
1933 1522 2179 1587 incuria

351 1625 884 1692 caerimoniarum
957 1623 1089 1690 divi
1161 1624 1441 1710 Augusti
1518 1625 1754 1690 additis
1825 1624 2175 1689 violentiae

351 1730 720 1795 criminibus
767 1729 1107 1794 adversum
1154 1729 1326 1794 cives
1361 1728 1717 1794 Romanos.
1793 1735 1859 1794 et
1904 1729 2177 1793 amisere

348 1835 735 1913 libertatem,
783 1855 972 1919 quam
1005 1833 1178 1898 bello
1210 1831 1605 1898 Mithridatis
1619 1822 2021 1914 meruerant,
2058 1831 2177 1896 cir·

283 1962 332 1999 10
352 1938 659 2003 cumsessi
715 1960 837 2003 nec
895 1937 1105 2002 minus
1163 1958 1279 2001 sua
1337 1937 1697 2001 constantia
1757 1958 1947 2021 quam
1994 1958 2177 2022 prae-

351 2043 514 2108 sidio
561 2042 814 2106 Luculli
857 2042 1043 2125 pulso
1076 2062 1253 2125 rege.
1328 2047 1395 2104 at
1424 2040 1735 2106 Fonteius
1772 2041 2021 2126 Capite,
2068 2043 2179 2125 qui

352 2170 467 2233 pro
517 2147 780 2211 consule
811 2144 1037 2209 Asiam
1082 2150 1437 2227 curaverat,
1482 2145 1838 2210 absolvitur
1868 2153 2175 2229 conperto

350 2252 500 2316 ficta
552 2251 620 2314 in
672 2271 820 2315 eum
867 2249 1130 2313 crimina
1172 2270 1290 2333 per
1331 2249 1595 2315 Vibium
1641 2250 1973 2315 Serenum.
2061 2272 2177 2314 ne-

352 2377 477 2441 que
523 2360 740 2420 tamen
785 2354 854 2418 id
889 2352 1130 2418 Sereno
1179 2375 1415 2437 noxae,
1461 2375 1654 2438 quem
1702 2354 1920 2421 odium
1965 2355 2177 2439 publi-

283 2488 333 2525 15
354 2481 498 2525 cum
554 2458 858 2523 tutiorem
915 2457 1210 2522 faciebat.
1300 2479 1450 2522 nam
1498 2464 1580 2522 ut
1624 2458 1765 2542 quis
1814 2459 2178 2523 destrictior

351 2568 700 2644 accusator,
734 2562 914 2627 velut
943 2558 1417 2627 sacrosanctus:
1463 2562 1643 2627 leves
1671 2563 1991 2648 ignobiles
2021 2584 2180 2647 poe·

351 2668 451 2732 nis
497 2666 978 2731 adficiebantur.

483 2771 586 2833 37.
649 2769 778 2833 Per
820 2768 996 2833 idem
1033 2775 1289 2853 tempus
1321 2768 1641 2855 Hispania
1670 2770 1938 2833 ulterior
1965 2769 2176 2833 missis

353 2877 437 2941 ad
483 2879 776 2941 senatum
819 2874 1052 2959 legatis
1100 2874 1324 2951 oravit,
1370 2879 1441 2936 ut
1488 2874 1788 2959 exemplo
1820 2873 2018 2939 Asiae
2061 2874 2176 2938 de·

352 2983 604 3046 lubrum
664 2978 926 3043 Tiberio
994 2978 1309 3061 matrique
1375 2978 1511 3042 eius
1577 2982 1959 3043 exstrueret.
2050 2998 2179 3061 qua
2256 2984 2263 2987 ’

353 3085 692 3151 occasione
741 3081 1005 3164 Caesar,
1059 3081 1310 3146 validus
1356 3083 1594 3168 alioqui
1638 3082 2014 3167 spernendis
2059 3083 2177 3146 ho-

310 3218 333 3256 5
351 3190 613 3255 neribus
656 3193 720 3251 et
747 3185 1274 3269 respondendum
1302 3192 1478 3251 ratus
1510 3187 1587 3251 iis
1619 3207 1893 3271 quorum
1918 3206 2177 3251 rumore

353 3295 742 3380 arguebatur
786 3291 853 3354 in
898 3291 1316 3356 ambitionem
1359 3291 1639 3373 flexisse,
1684 3292 1950 3355 huiusce
1998 3290 2179 3355 modi

356 3398 708 3464 orationem
771 3395 1016 3480 coepit:
1079 3395 1265 3476 ,sci0,
1324 3401 1538 3479 patres
1585 3394 1962 3479 conscripti,
2021 3414 2177 3458 con-
