2467 3900
721 239 796 278 AB
824 239 1076 281 BXOESSU
1102 240 1233 280 DIVI
1262 239 1516 281 AUGUSTI
1542 242 1566 281 1
1593 240 1710 281 6-8.
2090 239 2122 295 7

292 399 496 462 mirus
521 400 693 484 apud
723 402 1035 487 populum
1065 401 1270 484 favor,
1297 402 1541 466 habere
1568 400 1909 486 imperium
1929 422 2121 486 quam

296 510 676 586 exspectare
735 505 979 570 mallet.
1071 505 1267 569 dabat
1312 513 1377 570 et
1438 506 1681 587 famae,
1736 510 1807 569 ut
1849 512 2120 572 vocatus

295 607 669 692 electusque
727 609 944 693 potius
1004 631 1043 674 a
1099 628 1170 674 re
1231 609 1494 695 publica
1535 608 1867 674 videretur
1928 630 2119 695 quam

289 730 411 794 per
455 711 756 776 uxorium
801 712 1116 777 ambitum
1161 720 1226 778 et
1272 712 1459 776 senili
1504 712 1859 798 adoptione
1906 712 2121 798 inrep-

293 811 474 878 sisse.
579 821 810 899 postea
882 817 1209 900 cognitum
1276 822 1373 881 est
1440 815 1523 880 ad
1579 816 2118 901 introspiciendas
2137 835 2189 876 30

293 918 492 1018 etiam
549 939 891 1018 procerum
949 920 1317 987 voluntates
1375 920 1707 986 inductam
1770 921 2119 987 dubitatio-

290 1043 476 1086 nem:
541 1043 692 1086 nam
757 1011 956 1088 verba
1015 1024 1230 1089 vultus
1294 1024 1362 1088 in
1424 1026 1666 1090 crimen
1730 1015 2119 1111 detorquens

294 1127 712 1192 recondebat.

422 1232 482 1296 8.
543 1231 724 1296 Nihil
781 1222 990 1316 primo
1051 1239 1312 1298 senatus
1372 1233 1478 1297 die
1539 1233 1647 1316 agi
1708 1254 1935 1318 passus
1994 1234 2119 1298 nisi

290 1334 375 1399 de
421 1335 738 1420 supremis
769 1336 1071 1421 Augusti,
1121 1338 1301 1402 cuius
1347 1344 1800 1403 testamentum
1845 1327 2116 1404 inlatum

284 1453 406 1523 per
449 1439 732 1522 virgines
767 1440 1012 1506 Vestae
1057 1441 1391 1506 Tiberium
1438 1447 1505 1506 et
1538 1440 1791 1506 Liviam
1836 1442 2114 1507 heredes

285 1545 532 1610 habuit.
554 1573 568 1582 ·
605 1544 790 1611 Livia
831 1546 899 1611 in
941 1539 1255 1610 familiam
1298 1545 1532 1611 Iuliam
1576 1566 1943 1631 nomenque
1974 1545 2113 1611 Au-

284 1653 554 1732 gustum
578 1648 1063 1730 adsumebatur3
1112 1649 1179 1712 in
1223 1669 1408 1734 spem
1446 1651 1798 1715 secundam
1841 1658 2159 1736 nepotess

283 1759 845 1839 pronepotesque,
918 1754 1112 1818 tertio
1175 1754 1381 1838 gradu
1458 1754 1774 1839 primores
1839 1753 2115 1818 civitatis

163 1865 174 1876 ‘
282 1858 660 1942 scripserat,
719 1859 1066 1944 plerosque
1113 1861 1355 1924 invisos
1419 1858 1578 1940 sibi,
1638 1857 1754 1923 sed
1812 1858 2115 1923 iactantia

279 1964 618 2050 gloriaque
665 1965 748 2029 ad
792 1971 1112 2050 posteros.
1203 1965 1425 2048 legata
1467 1984 1600 2028 non
1644 1964 1813 2029 ultra
1856 1955 2112 2026 civilem

279 2068 582 2150 modum,
639 2068 762 2133 nisi
807 2068 982 2153 quod
1042 2069 1283 2154 populo
1335 2075 1401 2133 et
1458 2066 1634 2152 plebi
1680 2064 2113 2151 quadringen-

279 2171 450 2236 tiens
495 2171 756 2237 triciens
789 2173 1189 2258 quinquiens,
1239 2169 2108 2259 praetoriarum.cohortium
2130 2188 2179 2228 10

276 2276 591 2341 militibus
639 2276 893 2361 singula
948 2298 1285 2341 nummum
1341 2277 1521 2341 milia
1536 2326 1552 2359 ,
1614 2276 1876 2341 urbanis
1927 2276 2110 2359 quin-

275 2394 522 2463 genOS,
581 2379 954 2463 legionariis
1002 2389 1113 2445 aut
1163 2381 1537 2445 cohortibus
1586 2380 1822 2445 civium
1867 2379 2109 2461 Roma-

225 2512 231 2516 ·
274 2503 508 2547 norum
539 2488 837 2549 trecenos
880 2504 1180 2548 nummos
1207 2484 1450 2549 viritim
1494 2484 1698 2548 dedit.
1783 2489 1921 2548 tum
1952 2505 2105 2549 con-

275 2586 587 2651 sultatum
637 2587 718 2652 de
773 2588 1158 2669 honoribus3
1224 2611 1313 2654 ex·
1356 2589 1495 2674 quis
1556 2588 1841 2653 maxime
1906 2588 2108 2673 insig-

273 2711 414 2775 nes,
462 2697 534 2755 ut
575 2699 765 2777 porta
809 2692 1184 2778 triumphali
1231 2694 1579 2758 duceretur
1621 2693 1832 2775 funus,
1882 2690 2108 2756 Gallus
2125 2715 2177 2755 ιε

271 2796 542 2862 Asinius
562 2847 579 2881 ,
669 2806 743 2862 ut
829 2797 1049 2881 legum
1128 2797 1403 2862 latarum
1486 2795 1692 2878 tituli,
1789 2796 2105 2861 victarum

271 2901 570 2985 gentium
641 2902 957 2966 vocabula
1033 2902 1537 2985 anteferrentur,
1617 2899 1691 2963 L.
1752 2898 2103 2964 Arruntius

273 3026 610 3070 censuere.
698 3004 981 3071 addebat
1046 3006 1353 3072 Messalla
1409 3005 1711 3070 Valerius
1781 3025 2101 3070 renovan-

179 3152 186 3159 -
270 3109 430 3174 dum
474 3130 592 3194 per
637 3129 840 3175 annos
886 3116 1361 3175 sacramentum
1420 3111 1486 3174 in
1532 3129 1773 3175 nomen
1819 3108 2098 3207 Tiberii3

269 3214 834 3299 interrogatusque
865 3263 882 3297 ,
972 3234 1126 3279 num
1192 3213 1542 3305 mandante
1621 3234 1765 3277 eam
1836 3219 2097 3278 senten·
2120 3234 2172 3275 20
2294 3283 2307 3294 ,

263 3315 426 3380 tiam
527 3316 984 3402 prompsisset,
1089 3323 1321 3402 sponte
1420 3316 1660 3381 dixisse
1766 3315 2102 3400 respondit

265 3440 482 3506 neque
525 3421 592 3483 in
649 3420 728 3483 iis
774 3441 940 3505 quae
990 3421 1071 3485 ad
1117 3442 1259 3486 rem
1317 3419 1639 3505 publicam
1699 3420 2103 3505 pertinerent
