2467 3900
370 173 444 228 36
1029 177 1307 217 CORNELII
1334 177 1527 216 ΤΑΟΙΤῙ

371 357 532 421 quos
579 336 952 418 saeviretur,
1000 337 1265 420 pessimi
1302 358 1553 421 quoque
1600 359 1776 400 arma
1819 342 2204 420 rapuerant.

370 460 579 524 neque
645 441 898 522 legatus
966 447 1076 504 aut
1148 441 1440 504 tribunus
1513 441 1887 505 moderator
1950 441 2201 505 adfuit:

299 565 352 605 10
374 544 680 628 permissa
724 545 919 628 vulgo
983 545 1243 609 licentia
1304 551 1497 630 atque
1561 546 1720 609 ultio
1783 552 1847 611 et
1908 546 2200 610 satietas.

370 671 525 712 mox
553 649 880 732 ingressus
919 656 1124 713 castra
1157 648 1597 732 Germanicus,
1642 671 1775 713 non
1808 648 2203 714 medicinam

369 752 530 816 illud
575 753 863 838 plurimis
895 774 1037 817 cum
1082 754 1355 817 lacrimis
1403 753 1520 818 sed
1554 753 1804 818 cladem
1834 753 2200 839 appellans,

375 857 641 921 cremari
687 878 960 940 corpora
1004 859 1199 923 iubet.

503 961 744 1025 Truces
777 962 972 1025 etiam
1001 969 1138 1026 tum
1167 963 1413 1027 animos
1447 963 1680 1048 cupido
1722 963 1965 1027 involat
1996 961 2204 1026 eundi

372 1068 440 1130 in
501 1067 794 1150 hostem,
858 1067 1181 1152 piaculum
1242 1068 1502 1149 furoris3
1566 1088 1687 1132 nec
1750 1068 1937 1131 aliter
1998 1087 2201 1151 posse

375 1172 615 1256 placari
656 1172 1158 1236 commilitonum
1204 1193 1446 1248 maneS,
1493 1193 1685 1256 quam
1728 1172 1783 1235 si
1823 1170 2201 1255 pectoribus

375 1276 586 1359 impiis
628 1276 906 1340 honesta
947 1277 1214 1340 vulnera
1261 1277 1677 1361 accepissent.
1770 1276 2055 1360 sequitur
2092 1297 2203 1338 ara

331 1379 604 1444 5dorem
645 1380 917 1444 militum
964 1381 1202 1445 Caesar
1254 1383 1599 1467 iunctoque
1645 1390 1841 1466 ponte
1900 1381 2205 1444 tramittit

378 1483 720 1548 duodecim
764 1485 938 1547 milia
969 1505 1005 1548 e
1051 1485 1434 1569 legionibUS,
1485 1507 1601 1550 sex
1636 1492 1700 1548 ct
1731 1485 1958 1567 viginti
1990 1484 2204 1548 socias

377 1587 678 1668 cohortiS,
724 1592 868 1651 octo
919 1589 1203 1672 equitum
1248 1590 1402 1667 alas,
1451 1611 1716 1674 quarum
1752 1610 1829 1652 ea
1876 1589 2201 1652 seditione

374 1693 755 1756 intemerata
797 1691 1116 1758 modestia
1160 1693 1299 1758 fuit.

505 1797 608 1861 50.
671 1797 858 1861 Laeti
917 1819 1131 1882 neque
1191 1799 1416 1883 procul
1480 1797 1786 1862 Germani
1846 1797 2201 1880 agitabant,

376 1899 528 1964 dum
589 1900 832 1965 iustitio
901 1900 984 1965 ob
1046 1903 1349 1966 amissum
1394 1901 1797 1986 Augustum,
1858 1909 2008 1987 post
2072 1900 2204 1965 dis-

376 2006 610 2073 cordiis
671 2008 1032 2072 attinemur.
1124 2015 1190 2071 at
1232 2006 1563 2071 Romanus
1615 2007 1869 2090 agmine
1915 2026 2199 2090 propero

376 2109 602 2173 silvam
663 2110 959 2176 Caesiam
1013 2110 1407 2194 limitemque
1470 2132 1509 2173 a
1570 2110 1828 2173 Tiberio
1898 2116 2201 2193 coeptum

329 2230 356 2267 5
378 2213 628 2296 scindit,
676 2220 884 2278 castra
928 2214 994 2277 in
1038 2214 1239 2278 limite
1286 2215 1479 2296 locat,
1522 2213 1799 2277 frontem
1830 2234 1904 2277 ae
1945 2220 2205 2295 tergum

375 2320 583 2399 va110,
644 2318 846 2382 latera
906 2317 1332 2382 concaedibus
1388 2318 1689 2382 munitus.
1778 2316 1931 2380 inde
2000 2315 2205 2379 saltus

380 2424 685 2487 obscuros
744 2429 1036 2508 permeat
1081 2423 1528 2507 consultatque
1575 2442 1661 2485 ex
1707 2420 1959 2484 duobus
2011 2419 2203 2483 itine-

376 2527 551 2591 ribus
597 2527 795 2592 breve
843 2532 908 2591 et
954 2526 1210 2590 solitum
1258 2531 1561 2610 sequatur
1607 2547 1687 2589 an
1742 2524 2091 2609 inpeditius
2137 2528 2208 2588 et

376 2631 826 2714 intemptatum
886 2651 1095 2714 eoque
1154 2630 1449 2694 hostibus
1512 2630 1856 2693 incautum.
1949 2628 2207 2693 delecta

309 2750 360 2789 10
378 2734 673 2817 longiore
720 2735 826 2797 via
872 2740 1086 2798 cetera
1131 2732 1618 2797 adcelerantur:
1684 2732 1924 2797 etenim
1968 2732 2204 2796 attule-

378 2843 522 2900 rant
567 2838 1008 2921 exploratores
1068 2838 1299 2900 festam
1360 2855 1501 2899 eam
1548 2837 1885 2903 Germanis
1944 2842 2209 2901 noctem

307 2966 312 2972 ·
379 2962 453 3005 ac
517 2940 934 3005 sollemnibus
999 2940 1204 3024 epulis
1273 2940 1605 3006 ludicram.
1715 2942 1994 3005 Caecina
2060 2963 2207 3005 cum

381 3044 703 3130 expeditis
757 3044 1128 3109 cohortibus
1189 3045 1443 3128 praeire
1505 3053 1569 3109 et
1630 3047 1948 3111 obstantia
2012 3047 2205 3111 silva-

379 3170 520 3213 rum
563 3149 815 3212 amoliri
874 3148 1163 3213 iubetur:
1217 3149 1513 3232 legiones
1557 3149 1812 3214 modico
1861 3150 2203 3215 intervallo

309 3274 361 3311 15
381 3260 751 3339 sequuntur.
842 3253 1003 3317 iuvit
1041 3273 1176 3316 nox
1225 3252 1539 3317 sideribus
1580 3253 1864 3316 inlustris
1909 3258 2206 3318 ventum-

383 3378 506 3441 que
553 3358 636 3421 ad
679 3358 858 3422 vicos
899 3358 1262 3423 Marsorum
1307 3363 1372 3419 et
1420 3355 1845 3420 circumdatae
1893 3357 2207 3421 stationes
