2467 3900
393 245 508 302 220
1056 250 1555 290 CORNELII-mmm

327 428 547 473 10nere
595 414 846 491 tempus
883 405 1148 470 ultionis
1193 427 1393 490 seque
1440 427 1656 471 coram
1690 409 1979 492 principe
2026 428 2229 472 exse-

395 519 720 589 cuturum3
766 509 917 575 Trio
963 509 1460 575 aemulationem
1505 511 1672 576 inter
1702 511 1986 596 collegas
2034 517 2101 574 et
2134 511 2229 573 si-

393 636 519 700 qua
551 613 880 678 discordes
903 613 1206 677 iecissent
1229 614 1461 678 melius
1487 603 1841 678 oblitterari
1860 613 2227 698 respondit.

389 725 664 803 urgente
695 717 992 802 Agrippa
1020 717 1408 802 Sanquinius
1436 720 1757 784 Maximus
1795 741 1831 784 e
1864 718 2227 784 consulari-

390 823 514 887 bus
560 821 767 887 oravit
826 828 1151 903 senatum,
1207 844 1292 886 ne
1349 844 1532 887 curas
1590 823 2000 909 imperatoris
2059 845 2224 889 con-

328 949 378 986 15
393 927 640 1012 quisitis
695 927 959 1010 insuper
1016 927 1469 991 acerbitatibus
1515 933 1857 1013 augerent:
1920 928 2225 993 sufficere

391 1032 602 1116 ipsum
659 1029 1014 1094 statuendis
1070 1029 1393 1094 remediis,
1484 1031 1573 1095 sic
1617 1031 1873 1117 Regulo
1933 1032 2104 1095 salus
2153 1041 2225 1097 et

391 1136 610 1200 Trioni
669 1135 891 1198 dilatio
949 1134 1129 1198 exitii
1175 1136 1484 1219 quaesita.
1574 1136 1883 1201 Haterius
1927 1137 2223 1220 invisior,

393 1243 544 1328 quia
601 1262 827 1304 somno
888 1245 998 1303 aut
1048 1239 1410 1304 libidinosis
1469 1241 1707 1324 vigiliis
1763 1243 2085 1307 marcidus
2150 1232 2224 1308 et

395 1346 478 1411 ob
536 1345 878 1430 segnitiam
936 1346 1224 1428 quamvis
1284 1344 1613 1410 crudelem
1669 1347 2026 1432 principem
2082 1369 2221 1413 non

325 1454 691 1514 2⁰metuens
735 1447 1106 1512 inlustribus
1137 1449 1290 1513 viris
1335 1451 1687 1535 perniciem
1733 1452 1901 1517 inter
1943 1473 2223 1536 ganeam

393 1552 843 1619 meditabatur.

523 1659 582 1721 5.
645 1656 839 1720 Exim
875 1655 1067 1720 Cotta
1094 1657 1497 1740 MessalinuS,
1546 1660 1957 1724 saevissimae
2004 1660 2219 1725 cuius-

394 1783 518 1847 que
576 1763 931 1827 sententiae
990 1767 1214 1826 auctor
1275 1783 1483 1848 eoque
1541 1764 1900 1828 inveterata
1952 1763 2217 1846 invidia,

393 1869 504 1932 ubi
562 1869 837 1953 primum
897 1865 1167 1930 facultas
1215 1865 1397 1947 data,
1459 1867 1747 1952 arguitur
1791 1868 2102 1952 pleraque
2148 1867 2213 1930 in

395 1971 467 2036 O.
495 1970 872 2037 Gaesarem:
905 1992 1052 2035 cum
1085 1969 1188 2034 die
1220 1972 1420 2035 natali
1443 1968 1780 2057 Augustae
1805 1973 1974 2036 inter
2002 1992 2213 2036 sacer-

330 2100 376 2137 ‘5
393 2076 580 2140 dotes
613 2075 998 2160 epularetur,
1029 2075 1483 2140 novendialem
1515 2098 1657 2142 eam
1681 2098 1905 2141 cenam
1938 2075 2213 2156 dixisse3

391 2200 792 2266 querensque
837 2177 919 2241 de
949 2178 1241 2263 potentia
1268 2178 1377 2243 Μ’.
1408 2180 1643 2266 Lepidi
1688 2202 1763 2245 ac
1792 2180 1867 2244 L.
1896 2179 2215 2260 Arruntii,

393 2305 537 2349 cum
580 2284 809 2367 quibus
858 2282 940 2346 ob
975 2301 1114 2345 rem
1144 2282 1581 2365 pecuniariam
1628 2283 2051 2367 disceptabat,
2097 2283 2212 2346 ad-

393 2388 668 2451 didisse:
718 2384 884 2465 ,illos
929 2384 1189 2469 quidem
1224 2391 1503 2469 senatus,
1546 2408 1651 2451 me
1684 2394 1901 2451 autem
1930 2386 2216 2450 tuebitur

389 2491 754 2555 Tiberiolus
797 2487 1020 2555 meus‘.
1087 2510 1253 2574 quae
1287 2495 1512 2554 cuncta
1558 2511 1596 2554 a
1640 2491 2025 2575 primoribus
2058 2489 2212 2554 civi-

326 2617 375 2656 10
390 2597 539 2660 tatis
594 2594 1041 2659 revincebatur
1102 2596 1307 2680 iisque
1364 2595 1746 2659 instantibus
1806 2594 1890 2658 ad
1934 2594 2211 2678 impera-

389 2705 598 2763 torem
654 2698 1051 2783 provocavit.
1142 2720 1263 2763 nec
1324 2699 1526 2762 multo
1588 2703 1738 2782 post
1794 2698 2048 2762 litterae
2095 2697 2209 2762 ad-

388 2805 709 2885 feruntur,
756 2803 984 2888 quibus
1031 2802 1099 2867 in
1141 2802 1408 2867 modum
1456 2800 1883 2884 defensionis,
1930 2801 2205 2886 repetito

387 2908 555 2971 inter
599 2926 669 2970 se
716 2913 906 2991 atque
942 2905 1200 2970 Cottam
1227 2906 1543 2970 amicitiae
1573 2906 1889 2991 principio
1938 2906 2208 2970 crebris-

389 3033 513 3097 que
561 3013 700 3076 eius
749 3010 973 3076 officiis
1015 3011 1571 3093 commemoratis,
1628 3031 1711 3075 ne
1768 3010 1969 3075 verba
2010 3031 2208 3095 prave

323 3139 371 3177 15
390 3118 645 3181 detorta
687 3137 818 3181 neu
861 3115 1290 3180 convivalium
1320 3115 1679 3181 fabularum
1724 3115 2099 3201 simplicitas
2143 3114 2208 3179 in

390 3222 631 3285 crimen
676 3219 1020 3284 duceretur
1063 3219 1434 3303 postulavit.

521 3327 581 3387 6.
645 3324 908 3408 Insigne
953 3323 1160 3387 visum
1192 3322 1550 3387 litterarum
1579 3324 1864 3404 initium3
1910 3344 2063 3387 nam
2105 3321 2205 3385 his

389 3426 603 3490 verbis
649 3446 953 3490 exorsus:
1001 3426 1175 3510 ,quid
1221 3426 1495 3492 scribam
1537 3426 1739 3510 vobis,
1788 3432 2007 3511 patres
2052 3447 2204 3493 con-
