2467 3900
331 239 447 296 228
989 244 1265 284 connum]
1290 245 1487 286 mori-1

333 399 838 489 possidendique
867 401 1034 466 intra
1056 401 1314 466 Italiam
1339 408 1619 485 cavetur,
1652 405 1955 468 omissam
1979 405 2155 486 olim,

290 529 315 566 5
334 509 486 594 quia
541 506 792 592 privato
851 505 996 569 usui
1051 505 1293 570 bonum
1351 507 1678 590 publicum
1722 507 2157 592 postponitur.

331 635 485 678 sane
542 617 729 677 vetus
783 612 929 675 urbi
985 610 1290 676 faenebre
1346 611 1584 674 malum
1643 617 1709 676 et
1764 612 2159 677 seditionum

335 717 923 800 discordiarumque
972 716 1355 780 creberrima
1402 737 1591 780 causa
1636 737 1844 800 eoque
1892 717 2157 781 cohibe-

334 823 522 886 batur
566 819 842 904 antiquis
874 840 1131 904 quoque
1165 826 1229 883 et
1260 819 1471 882 minus
1504 819 1818 903 corruptis
1849 819 2158 884 moribus.

242 972 248 980 -
333 925 484 991 nam
555 925 762 1009 primo
835 923 1178 988 duodecim
1257 923 1493 988 tabulis
1564 930 1853 987 sanctum
1926 925 2159 1008 nequis

267 1047 317 1086 10
335 1031 621 1094 unciario
681 1029 946 1093 faenore
1005 1028 1277 1112 amplius
1337 1035 1707 1110 exerceret,
1768 1049 1912 1092 cum
1968 1034 2163 1092 antea

337 1156 421 1199 ex
452 1133 719 1199 libidine
752 1133 1171 1216 locupletium
1203 1133 1587 1216 agitaretur3
1635 1133 1785 1196 dein
1816 1132 2158 1216 rogatione

332 1238 674 1303 tribunicia
703 1236 786 1300 ad
819 1237 1172 1301 semuncias
1203 1237 1557 1319 redactum,
1597 1241 1924 1321 postremo
1957 1237 2163 1301 vetita

334 1363 618 1406 versura.
669 1343 1014 1426 multisque
1033 1341 1242 1426 plebis
1263 1341 1436 1406 scitis
1459 1343 1711 1406 obviam
1730 1342 1891 1404 itum
1914 1341 2157 1405 fraudi-

334 1445 474 1527 buS‚
505 1467 667 1529 quae
700 1446 940 1509 totiens
971 1466 1303 1530 repressae
1335 1446 1525 1510 miras
1554 1467 1674 1529 per
1704 1451 1876 1509 artes
1904 1466 2161 1509 rursum

268 1549 727 1613 moriebantur.
817 1548 932 1612 sed
989 1554 1127 1611 tum
1188 1549 1513 1615 Gracchus
1570 1557 1862 1634 praetor,
1922 1551 2024 1614 cui
2081 1571 2163 1614 ea

337 1651 628 1736 quaestio
662 1656 985 1732 evenerat,
1029 1651 1441 1716 multitudine
1480 1653 1979 1737 periclitantium
2008 1652 2161 1717 sub-

337 1764 516 1820 actus
548 1755 796 1820 rettulit
832 1756 915 1819 ad
947 1761 1239 1820 senatum
1272 1756 1638 1841 trepidique
1670 1763 1885 1842 patres
1919 1757 2161 1841 (neque

339 1859 511 1924 enim
557 1861 890 1945 quisquam
936 1860 1051 1923 tali
1097 1859 1287 1943 culpa
1314 1856 1583 1939 vacuus)
1625 1860 1881 1925 veniam
1912 1883 1951 1924 a
1979 1863 2159 1945 prin-

341 1966 481 2050 cipe
529 1966 854 2051 petivere3
915 1971 981 2027 et
1027 1964 1427 2029 concedente
1473 1985 1673 2028 annus
1718 1964 1784 2027 in
1828 1971 2161 2050 posterum

269 2090 584 2155 20sexque
630 2090 886 2134 menses
933 2066 1098 2149 dati,
1163 2068 1303 2153 quis
1364 2067 1719 2133 secundum
1774 2068 1950 2133 iussa
1994 2067 2163 2153 legis

337 2174 621 2239 rationes
663 2173 1009 2237 familiares
1053 2175 1320 2258 quisque
1368 2180 1847 2259 componerent.

473 2278 573 2339 17.
635 2276 807 2340 Hinc
851 2277 1071 2361 inopia
1112 2279 1209 2342 rei
1244 2279 1657 2361 nummariae,
1705 2285 2025 2344 commoto
2074 2279 2163 2342 si-

274 2403 276 2405 ’
337 2384 472 2445 111111
530 2382 812 2445 omnium
877 2402 1029 2446 aere
1087 2382 1300 2447 alieno
1365 2389 1431 2447 et
1489 2383 1637 2467 quia
1690 2388 1790 2448 tot
1847 2382 2164 2446 damnatis

338 2484 651 2569 bonisque
721 2505 945 2549 eorum
1012 2484 1360 2549 divenditis
1429 2486 1750 2571 signatum
1820 2492 2163 2569 argentum

337 2590 490 2653 fisco
523 2588 630 2684 vel
660 2590 908 2655 aerario
940 2589 1348 2653 attinebatur.
1411 2589 1494 2652 ad
1524 2588 1649 2653 hoc
1682 2595 1941 2652 senatus
1973 2610 2161 2674 prae-

297 2710 322 2748 5
341 2690 685 2774 scripserat
745 2690 904 2755 duas
964 2691 1230 2776 quisque
1291 2691 1573 2757 faenoris
1612 2698 1833 2776 ,partes
1880 2693 1949 2756 in
1993 2695 2164 2779 agris

338 2816 457 2879 per
486 2795 742 2859 Italiam
773 2798 1161 2860 conlocaret.
1225 2794 1343 2860 sed
1389 2796 1746 2861 creditores
1776 2797 1842 2859 in
1886 2797 2167 2862 solidum

339 2899 749 2983 appellabant
771 2921 895 2964 nec
927 2901 1233 2964 decorum
1260 2901 1601 2985 appellatis
1630 2902 1922 2966 minuere
1944 2903 2164 2967 fidem.

337 3003 430 3067 ita
481 3004 687 3087 primo
750 3005 1150 3068 concursatio
1215 3010 1282 3068 et
1339 3025 1600 3089 preces,
1662 3005 1813 3069 dein
1874 3011 2166 3091 strepere

337 3108 655 3191 praetoris
714 3108 987 3172 tribunal
1048 3130 1148 3190 ‚ea
1206 3129 1369 3193 quae
1428 3110 1719 3174 remedio
1767 3111 2056 3195 quaesita
2094 3112 2167 3175 in

273 3211 731 3275 1ocontrarium
775 3209 1047 3291 mutari‘,
1096 3213 1245 3296 quia
1273 3212 1713 3279 faeneratores
1745 3235 2004 3280 omnem
2048 3236 2163 3299 pe·
2256 3264 2263 3271 .

340 3316 591 3380 cuniam
620 3316 981 3380 mercandis
1012 3318 1182 3402 agris
1223 3318 1667 3384 condiderant.
1728 3320 1981 3403 copiam
2009 3340 2167 3384 ven-

342 3418 538 3482 dendi
582 3424 803 3483 secuta
846 3419 1112 3501 vilitate,
1161 3427 1400 3505 quanto
1450 3423 1591 3506 quis
1625 3423 2006 3503 obe-cratim,
2054 3445 2164 3489 ae-
