2467 3900
324 226 435 283 116
980 230 1257 271 cormnnn
1285 230 1481 270 nom

323 385 663 451 sollemnia
708 391 775 451 et
821 383 999 471 (quia
1033 387 1334 452 ludorum
1359 387 1784 471 Megalesium
1813 394 2143 474 spectacu-

324 492 457 556 lum
504 489 791 582 suberat)
842 491 1037 556 etiam
1084 492 1451 576 voluptates
1495 499 1920 559 resumerent.

458 597 518 662 7.
584 595 751 659 Tum
809 601 1008 660 exuto
1069 596 1311 661 iustitio
1358 597 1638 662 reditum
1694 597 1779 661 ad
1821 599 2038 662 munia
2084 603 2147 661 et

325 702 576 767 Drusus
621 700 920 786 Illyricos
966 700 1052 767 ad
1098 703 1418 766 exercitus
1447 702 1775 786 profectus
1806 708 1924 784 est,
1972 723 2147 767 erec-

326 806 411 869 tis
459 805 746 869 omnium
790 805 1018 870 animis
1066 826 1182 890 spe
1224 803 1545 890 petendae
1598 826 1634 868 e
1677 805 1914 869 Pisone
1959 806 2149 870 ultio-

325 910 426 973 nis
486 915 552 973 et
613 910 836 975 crebro
898 915 1164 993 questu,
1225 908 1400 993 quod
1461 929 1664 993 vagus
1719 908 1978 973 interim
2034 930 2151 993 per

284 1032 603 1077 samoena
644 1011 840 1078 Asiae
900 1019 1091 1097 atque
1136 1012 1425 1078 Achaiae
1485 1011 1824 1097 adroganti
1883 1018 1949 1078 et
2005 1014 2152 1077 sub-

329 1115 482 1180 dola
508 1137 691 1182 mora
720 1117 1037 1181 scelerum
1067 1116 1484 1202 probationes
1514 1117 1937 1182 subverteret.
2001 1138 2148 1182 nam

329 1223 667 1306 vulgatum
733 1226 872 1286 erat
933 1221 1229 1304 missam,
1293 1227 1368 1285 ut
1435 1221 1603 1304 dixi,
1667 1243 1706 1286 a
1751 1219 1869 1286 Gn.
1929 1221 2151 1287 Sentio

328 1326 643 1390 famosam
686 1325 1014 1390 veneficiis
1060 1326 1404 1391 Martinam
1451 1325 1661 1390 subita
1704 1332 1912 1391 morte
1942 1325 2150 1390 Brun-

332 1429 479 1494 disii
537 1430 890 1494 extinctam
951 1449 1402 1514 venenumque
1461 1429 1634 1496 nodo
1695 1431 1966 1495 crinium
2014 1431 2154 1496 eius

266 1556 314 1595 10
334 1533 724 1597 occultatum
800 1554 921 1596 nec
996 1532 1129 1598 ulla
1197 1534 1266 1597 in
1334 1553 1605 1617 corpore
1670 1533 1853 1616 signa
1919 1534 2156 1620 sumpti

334 1637 518 1702 exitii
558 1645 837 1723 reperta.
1175 1637 1180 1641 ⁴

462 1743 523 1805 8.
585 1740 677 1805 At
720 1740 875 1805 Piso
921 1741 1279 1824 praemisso
1326 1741 1397 1805 in
1431 1741 1660 1806 urbem
1687 1739 1819 1806 filio
1859 1740 2154 1826 datisque

334 1844 654 1909 mandatis
698 1866 815 1930 per
860 1865 1025 1930 quae
1056 1845 1414 1930 principem
1447 1844 1729 1909 molliret
1757 1845 1842 1910 ad
1870 1847 2154 1910 Drusum

335 1950 580 2035 pergit,
642 1970 834 2033 quem
890 1948 1067 2014 haud
1108 1948 1322 2015 fratris
1365 1948 1630 2015 interitu
1674 1955 1920 2015 trucem
1966 1973 2157 2035 quam

334 2059 587 2119 remoto
627 2054 882 2118 aemulo
918 2055 1291 2138 aequiorem
1321 2053 1443 2118 sibi
1471 2054 1789 2137 sperabat.
1843 2055 2158 2139 Tiberius,

293 2180 318 2218 ε
338 2179 461 2243 quo
508 2158 830 2239 integrum
873 2156 1179 2220 iudicium
1226 2161 1609 2240 ostentaret,
1656 2162 2003 2243 exceptum
2051 2181 2156 2224 co-

335 2263 523 2327 miter
562 2263 864 2326 iuvenem
896 2266 1080 2325 sueta
1116 2281 1274 2345 erga
1300 2261 1466 2325 filios
1495 2261 1877 2326 familiarum
1908 2256 2160 2327 nobiles

336 2364 721 2430 liberalitate
768 2371 987 2446 auget.
1059 2365 1313 2429 Drusus
1349 2364 1606 2448 Pisoni,
1652 2364 1706 2429 si
1750 2386 1906 2431 vera
1949 2366 2162 2431 forent

339 2488 503 2553 quae
534 2467 914 2547 iacerentur,
941 2467 1360 2552 praecipuum
1382 2469 1450 2533 in
1479 2468 1706 2533 dolore
1733 2490 1920 2533 suum
1945 2470 2161 2536 locum

338 2570 704 2658 respondit:
751 2570 868 2634 sed
911 2569 1103 2635 malle
1149 2570 1312 2636 falsa
1358 2578 1424 2635 et
1467 2572 1683 2635 inania
1711 2593 1834 2637 nec
1865 2573 2158 2657 cuiquam

271 2704 322 2743 ιο
339 2680 616 2741 mortem
662 2674 1031 2740 Grermanici
1089 2673 1431 2739 exitiosam
1490 2696 1652 2739 esse.
1742 2676 1903 2740 haec
1945 2675 2161 2759 palam

338 2782 542 2846 vitato
604 2779 778 2845 omni
841 2784 1130 2860 secret03
1188 2799 1401 2863 neque
1465 2779 1918 2843 dubitabantur
1973 2799 2158 2863 prae-

339 2885 577 2969 scripta
620 2905 659 2947 a
687 2882 967 2965 Tiberio,
1016 2903 1163 2947 cum
1207 2881 1547 2946 incallidus
1591 2881 1834 2965 alioqui
1864 2888 1928 2945 et
1958 2880 2162 2947 facilis

342 2990 607 3053 iuventa
650 2987 962 3051 senilibus
1007 2992 1146 3050 tum
1192 2986 1436 3051 artibus
1479 2990 1788 3049 uteretur.

471 3092 533 3154 9.
595 3091 748 3155 Piso
797 3090 1164 3157 Delmatico
1224 3090 1386 3154 mari
1442 3088 1735 3155 tramisso
1794 3090 2162 3174 relictisque

344 3195 517 3282 apud
578 3195 922 3260 Anconam
981 3194 1254 3260 navibus
1317 3214 1434 3279 per
1495 3193 1809 3257 Picenum
1876 3214 1949 3258 ac
2012 3214 2168 3259 mox

343 3298 727 3364 Flaminiam
798 3300 973 3365 viam
1043 3298 1418 3383 adsequitur
1479 3296 1840 3381 legionem,
1901 3318 2067 3381 quae
2127 3318 2164 3361 e

345 3403 681 3469 Pannonia
724 3404 793 3469 in
836 3404 1081 3486 urbem,
1124 3403 1280 3468 inde
1327 3401 1650 3485 praesidio
1683 3401 1944 3467 Africae
1974 3402 2167 3467 duce-
