2467 3900
359 168 472 225 100
716 174 730 189 κ
1032 170 1313 212 0¹0an
1339 170 1538 213 ‘nom

358 331 707 396 Bastarnas
739 329 1139 415 Scythasque
1185 328 1622 415 praetendens
1667 329 1854 394 novis
1899 331 2219 416 peditum

361 442 427 502 et
474 437 763 522 equitum
808 435 1013 520 copiis
1043 455 1185 499 sese
1216 432 1530 498 firmabat.
1605 433 1893 499 molliter
1919 437 2243 521 rescrips

288 547 496 607 2otum
514 591 531 623 ,
607 541 661 606 si
724 539 897 604 fraus
960 538 1250 621 abesset,
1313 559 1510 622 posse
1575 557 1726 604 eum
1785 537 2216 606 innocentiae

358 647 593 727 fidere;
664 649 954 735 ceterum
1009 664 1227 728 neque
1297 663 1366 708 se
1437 663 1650 727 neque
1713 650 2010 715 senatum
2075 645 2212 709 nisi

362 749 623 835 cognita
652 769 843 814 causa
870 748 969 812 ius
1000 754 1067 813 et
1094 746 1391 814 iniuriam
1428 747 1861 813 discreturos:
1917 747 2213 835 proinde

359 852 597 918 tradito
680 852 889 937 Cotye
965 852 1221 917 veniret
1293 852 1805 937 transferretque
1881 853 2209 920 invidiam

362 956 663 1022 criminis.

492 1065 593 1128 66.
660 1047 789 1125 Eas
849 1061 1097 1126 litteras
1151 1059 1445 1128 Latinius
1488 1059 1794 1126 Pandusa
1837 1082 1956 1146 pro
2003 1084 2209 1148 prae·

358 1170 502 1231 tore
548 1165 842 1231 Moesiae
888 1187 1033 1230 cum
1076 1166 1410 1247 militibus,
1455 1165 1600 1250 quis
1649 1165 1852 1251 Cotys
1899 1165 2206 1232 tradere-

358 1275 483 1352 tur,
528 1271 596 1334 in
624 1269 961 1334 Thraciam
1004 1269 1197 1334 misit.
1273 1268 1728 1359 Rhescuporis·
1745 1268 1914 1334 inter
1944 1275 2202 1335 metum

362 1379 427 1437 et
488 1373 652 1436 iram
716 1378 1059 1437 cunctatus
1108 1373 1338 1437 maluit
1397 1374 1633 1457 patrati
1700 1395 1895 1459 quam
1949 1374 2206 1459 incepti

316 1475 660 1541 sfacinoris
704 1495 855 1540 reus
902 1497 1079 1542 esse:
1142 1475 1352 1541 occidi
1398 1475 1613 1561 Cotyn
1655 1477 1839 1542 iubet
1881 1485 2202 1542 mortem-

360 1601 486 1666 que
534 1585 764 1665 sponte
812 1585 1133 1665 sumptam
1170 1580 1546 1645 ementitur.
1621 1601 1742 1646 nec
1772 1587 1991 1647 tamen
2025 1580 2202 1647 Cae-

361 1705 464 1748 sar
519 1683 787 1769 placitas
848 1686 1048 1749 semel
1106 1689 1280 1748 artes
1339 1685 1642 1768 mutavit,
1704 1684 1822 1752 sed
1881 1685 2201 1752 defuncto

358 1786 679 1869 Pandusa,
727 1808 918 1873 quem
962 1788 1084 1853 sibi
1129 1788 1449 1854 infensum
1480 1788 1924 1875 Rhescuporis
1955 1811 2202 1875 argue-

358 1891 505 1976 bat,
553 1891 985 1978 Pomponium
1030 1891 1354 1972 Flaccum,
1402 1898 1692 1959 veterem
1737 1892 2078 1979 stipendiis
2127 1897 2202 1959 et

290 2016 341 2056 10
359 2003 499 2063 arta
541 2019 687 2062 cum
729 2018 886 2082 rege
933 1995 1217 2061 amicitia
1261 1996 1915 2064 accommodatiorem
1959 1997 2046 2062 ad
2073 1996 2200 2061 fal-

359 2101 645 2181 lendum,
692 2101 983 2166 Moesiae
1028 2100 1362 2185 praefecit.

492 2206 596 2269 67.
660 2205 932 2270 Flaccus
976 2204 1045 2269 in
1072 2204 1414 2270 Thraciam
1456 2210 1896 2289 transgressus
1941 2224 2062 2290 per
2089 2204 2196 2269 in-

361 2309 583 2394 gentia
626 2308 945 2393 promissa
974 2307 1264 2393 quamvis
1297 2308 1666 2393 ambiguum
1701 2313 1766 2373 et
1796 2309 2044 2373 scelera
2075 2330 2197 2375 sua

358 2408 769 2500 reputantem
801 2414 1083 2500 perpulit
1113 2418 1183 2478 ut
1214 2412 1542 2497 praesidia
1570 2412 1869 2479 Romana
1896 2413 2198 2481 intraret.

362 2519 753 2585 circumdata
794 2520 944 2583 hinc
986 2520 1127 2603 regi
1173 2517 1390 2603 specie
1420 2517 1685 2582 honoris
1715 2516 1934 2582 valida
1962 2538 2199 2583 manus

314 2648 341 2687 5
358 2624 728 2710 tribunique
776 2628 843 2688 et
888 2624 1296 2689 centuriones
1339 2622 1666 2689 monendo
1717 2621 2052 2688 suadendo
2103 2628 2198 2705 et,

361 2736 599 2815 quanto
657 2730 913 2813 longius
958 2727 1456 2811 abscedebatur,
1503 2727 1824 2811 apertiore
1871 2724 2197 2808 custodia,

358 2838 689 2919 postremo
750 2853 1021 2917 gnarum
1072 2833 1476 2900 necessitatis
1521 2832 1589 2897 in
1632 2832 1861 2897 urbem
1905 2838 2194 2895 traxere.

358 2944 693 3004 accusatus
756 2938 823 3004 in
882 2944 1110 3003 senatu
1169 2938 1250 3001 ab
1295 2957 1503 3003 uxore
1553 2936 1777 3021 Cotyis
1826 2936 2197 3017 damnatur,

355 3049 429 3110 ut
472 3043 699 3131 procul
742 3064 945 3129 regno
992 3048 1344 3107 teneretur.
1418 3040 1730 3106 Thraecia
1759 3040 1828 3104 in
1856 3040 2193 3106 Rhoeme-

284 3150 568 3215 10talcen
612 3148 832 3231 filium,
878 3169 1070 3233 quem
1112 3145 1396 3233 paternis
1444 3145 1730 3211 consiliis
1775 3142 2196 3209 adversatum

356 3254 723 3335 constabat,
792 3254 987 3339 inque
1053 3253 1293 3317 liberos
1365 3250 1590 3334 Cotyis
1657 3248 1997 3331 dividitur3
2071 3249 2192 3313 iis-

356 3376 481 3440 que
527 3356 814 3420 nondum
861 3357 1095 3421 adultis
1139 3355 1588 3421 Trebellienus
1629 3354 1836 3420 Rufus
1880 3358 2195 3439 praetura
