2467 3900
345 231 459 288 102
1005 232 1285 276 connnnn
1309 232 1508 272 mom

340 396 452 462 bat
486 395 818 482 persuasio
851 393 1087 460 veneni
1119 414 1158 457 a
1185 391 1424 457 Pisone
1457 389 1738 484 accepti3
1788 395 1854 454 et
1881 389 2192 474 reperie-

338 501 573 566 bantur
616 500 755 563 solo
804 517 877 562 ac
921 496 1274 616 parietibus
1322 499 1543 560 erutae
1574 494 2002 568 humanorum
2038 515 2194 560 cor-

270 629 321 667 15
340 625 571 691 porum
616 603 947 688 reliquiae,
996 601 1278 668 carmina
1323 607 1389 665 et
1422 599 1804 664 devotiones
1836 605 1901 663 et
1929 619 2188 665 nomen

345 707 716 774 Germanici
771 705 1093 791 plumbeis
1151 704 1391 769 tabulis
1435 704 1856 789 insculptum,
1902 705 2187 769 semusti

344 813 593 876 cineres
639 831 714 874 ac
759 809 909 874 tabo
960 809 1143 874 obliti
1188 809 1443 893 aliaque
1487 807 1798 891 malefica,
1846 809 1988 893 quis
2036 828 2187 873 cre-

343 914 515 980 ditur
578 913 822 979 animas
885 913 1256 978 numinibus
1314 911 1578 977 infernis
1637 911 1890 977 sacrari.
1981 912 2188 975 simul

340 1018 520 1085 missi
578 1040 617 1082 a
661 1018 903 1082 Pisone
960 1016 1420 1082 incusabantur
1477 1024 1550 1082 ut
1609 1016 1998 1082 valetudinis
2060 1017 2184 1082 ad-

270 1151 326 1192 20
338 1145 527 1189 versa
569 1124 901 1189 rimantes.

474 1229 575 1294 70.
622 1229 723 1294 Ea
764 1227 1150 1295 Germanico
1197 1187 1374 1293 haud
1421 1227 1632 1292 minus
1675 1227 1772 1292 ira
1817 1247 2008 1313 quam
2057 1249 2189 1312 per

336 1339 583 1398 metum
644 1338 927 1419 accepta.
1018 1334 1074 1398 si
1117 1332 1319 1398 limen
1365 1330 1805 1414 obsideretur,
1863 1331 1919 1396 si
1965 1331 2184 1396 effun-

341 1436 589 1502 dendus
635 1437 895 1522 spiritus
943 1436 1059 1500 sub
1108 1435 1317 1500 oculis
1350 1435 1755 1500 inimicorum
1784 1434 1970 1518 foret,
2017 1435 2184 1522 quid

341 1540 577 1606 deinde
622 1539 1021 1606 miserrimae
1060 1540 1341 1624 coniugi,
1389 1540 1544 1625 quid
1573 1540 1921 1606 infantibus
1949 1540 2186 1606 liberis

296 1645 768 1709 seventurum‘?
830 1645 1009 1709 lenta
1069 1643 1278 1709 videri
1334 1644 1681 1711 veneficia:
1745 1644 2053 1710 festinare
2109 1651 2188 1708 et

336 1769 604 1834 urgere,
651 1753 723 1812 ut
767 1747 1194 1833 provinciam,
1241 1752 1312 1811 ut
1354 1748 1648 1832 legiones
1694 1747 1870 1812 solus
1916 1746 2184 1812 habeat.

340 1852 457 1916 sed
514 1873 647 1917 non
702 1872 905 1936 usque
954 1873 1032 1916 eo
1082 1849 1408 1915 defectum
1458 1850 1916 1916 Germanicum
1959 1871 2185 1935 neque

339 1957 628 2043 praemia
658 1956 873 2022 caedis
901 1954 1075 2040 apud
1102 1954 1584 2022 interfectorem
1611 1974 1930 2019 mansura.
1997 1976 2182 2019 com-

340 2062 523 2146 ponit
584 2061 928 2147 epistulas,
992 2059 1133 2144 quis
1198 2059 1544 2125 amicitiam
1606 2060 1668 2124 ei
1727 2060 2141 2125 renuntiabat
2159 2081 2180 2123 t

267 2190 322 2229 ιο
338 2166 585 2232 addunt
629 2166 923 2251 plerique
965 2164 1590 2249 iussumprovincia
1635 2163 1976 2230 decedere.
2048 2184 2182 2228 nec

336 2271 493 2336 Piso
553 2276 841 2337 moratus
898 2272 1066 2335 ultra
1114 2270 1301 2335 navis
1347 2270 1542 2335 solvit
1587 2252 2183 2352 moderabaturque

339 2379 585 2457 cursui,
642 2396 769 2461 quo
824 2376 1091 2462 propius
1135 2374 1626 2458 regrederetur,
1685 2371 1740 2436 si
1787 2392 1962 2437 mors
2009 2371 2180 2437 Ger-

337 2479 570 2543 manici
616 2478 869 2543 Suriam
916 2480 1296 2564 aperuisset.

470 2582 572 2646 71.
622 2580 862 2647 Caesar
920 2582 1249 2668 paulisper
1307 2581 1390 2646 ad
1445 2601 1629 2667 spem
1677 2583 1962 2659 erectus,
2023 2579 2184 2645 dein

335 2684 505 2750 fesso
552 2705 845 2772 corpore,
890 2686 1002 2751 ubi
1045 2686 1188 2751 finis
1219 2687 1466 2769 aderat,
1511 2686 1900 2752 adsistentes
1929 2686 2184 2753 amicos

334 2789 401 2854 in
444 2789 614 2855 hunc
658 2790 926 2856 modum
969 2791 1372 2877 adloquitur:
1420 2792 1497 2875 ,si
1541 2776 1674 2890 fato
1723 2790 2178 2890 concederem,

333 2895 539 2960 iustus
584 2896 745 2960 mihi
778 2896 965 2962 dolor
996 2897 1192 2962 etiam
1223 2895 1531 2961 adversus
1562 2895 1722 2960 deos
1756 2901 1946 2978 esset,
1994 2895 2180 2980 quod

286 3030 311 3068 5
336 3022 441 3065 me
486 3001 861 3085 parentibus
903 3000 1123 3067 liberis
1154 3000 1400 3086 patriae
1432 3000 1598 3065 intra
1625 3000 1955 3066 iuventam
1986 3021 2180 3085 prae-

336 3108 587 3169 maturo
651 3104 833 3168 exitu
890 3111 1227 3190 raperent:
1286 3124 1456 3169 nunc
1512 3104 1757 3169 scelere
1804 3104 2062 3169 Pisonis
2109 3110 2183 3167 et

335 3209 687 3273 Plancinae
748 3208 1144 3295 interceptus
1203 3208 1464 3274 ultimas
1516 3228 1745 3295 preces
1803 3207 2227 3299 pectoribus·

334 3313 569 3377 vestris
612 3310 941 3395 relinquo:
1001 3312 1295 3377 referatis
1340 3312 1507 3398 patri
1553 3333 1629 3377 ac
1672 3312 1851 3377 fratri
1867 3362 1885 3395 ,
1945 3310 2195 3396 quibus.

338 3414 793 3479 acerbitatibus
854 3413 1269 3499 dilaceratus,
1330 3415 1561 3498 quibus
1617 3414 1863 3479 insidiis
1902 3406 2178 3480 circum-
