2467 3900
380 180 457 234 34
1041 179 1317 222 commu
1344 181 1539 220 rrAc1'r1

381 343 762 408 retinebant.
862 342 1058 426 igitur
1118 340 1359 405 Caesar
1420 361 1594 404 arma
1659 340 1928 404 classem
1990 339 2212 405 socios

382 447 718 512 demittere
762 446 994 510 Rheno
1041 450 1257 530 parat,
1303 446 1357 508 si
1400 445 1738 530 imperium
1784 445 2207 528 detrectetur,

312 574 363 613 ιο
379 552 551 617 bello
600 556 977 616 certaturus,
1692 607 1699 612 .

508 655 613 719 46.
674 653 766 717 At
808 653 1056 718 Romae
1103 653 1391 717 nondum
1449 654 1744 736 cognite,
1810 654 1914 739 qui
1973 654 2208 718 fuisset

378 759 592 824 exitus
654 757 721 822 in
781 757 1040 842 Illyrico
1068 805 1085 839 ,
1154 762 1220 821 et
1282 756 1611 841 legionum
1674 755 2209 821 Germanicarum

379 870 561 927 motu
615 861 834 925 audito
854 911 870 944 ,
934 860 1188 946 trepida
1249 861 1471 924 civitas
1534 862 1825 927 incusare
1870 861 2207 926 Tiberium

382 966 576 1052 quod,
623 965 775 1029 dum
817 971 1036 1050 patres
1067 971 1134 1031 et
1175 965 1454 1050 plebem,
1501 965 1785 1030 invalida
1816 972 1882 1030 et
1911 966 2206 1049 inermia,

333 1091 360 1128 ὅ
381 1071 786 1135 cunctatione
814 1070 962 1135 ficta
991 1069 1375 1151 ludificetur,
1397 1069 1706 1134 dissideat
1731 1071 1987 1136 interim
2015 1071 2205 1136 miles

379 1199 591 1263 neque
624 1175 894 1240 duorum
925 1175 1435 1240 adulescentium
1479 1175 1768 1239 nondum
1798 1175 2019 1240 adulta
2050 1197 2204 1240 auc-

379 1283 638 1346 toritate
687 1280 1020 1365 comprimi
1064 1286 1276 1365 queat.
1364 1281 1458 1344 ire
1505 1281 1715 1364 ipsum
1758 1286 1824 1344 et
1869 1301 2205 1365 opponere

380 1386 781 1450 maiestatem
837 1384 1315 1468 imperatoriam
1361 1382 1661 1449 debuisse
1722 1385 2031 1467 cessuriS,
2090 1385 2207 1449 ubi

378 1488 732 1573 principem
791 1487 988 1570 longa
1040 1488 1444 1572 experientia
1506 1489 1909 1574 eundemque
1959 1490 2202 1554 severi-

310 1616 360 1654 ιο
380 1593 528 1657 tatis
601 1599 666 1656 et
738 1591 1207 1656 munificentiae
1292 1614 1606 1656 summum
1678 1591 2011 1657 vidissent.
2120 1614 2207 1656 an

379 1696 746 1781 Augustum
787 1695 957 1760 fessa
987 1702 1200 1761 aetate
1233 1697 1470 1761 totiens
1508 1697 1573 1762 in
1604 1697 1979 1762 Germanias
2027 1717 2203 1761 com-

380 1820 597 1864 meare
641 1800 962 1886 potuisse:
1007 1799 1334 1864 Tiberium
1370 1801 1698 1883 vigentem
1743 1802 1924 1864 annis
1972 1799 2204 1866 sedere

379 1903 446 1968 in
490 1909 737 1988 senatu,
781 1905 982 1970 verba
1027 1909 1283 1990 patrum
1328 1904 1785 1970 cavillantem?
1852 1905 2202 1990 satis.pro-

378 2017 668 2094 spectum
736 2011 1021 2074 urbanae
1096 2009 1426 2074 servituti:
1520 2009 1899 2074 militaribus
1975 2011 2202 2075 animis

308 2136 360 2175 15
378 2114 746 2179 adhibenda
790 2114 1094 2192 fomenta,
1140 2119 1210 2176 ut
1255 2113 1423 2177 ferre
1472 2134 1700 2197 pacem
1742 2114 1966 2178 velint.

471 2219 613 2287 Χ47.
675 2217 1002 2281 Inmotum
1059 2217 1367 2282 adversus
1426 2239 1537 2282 eos
1585 2239 1915 2284 sermones
1950 2220 2201 2285 ,fixum-

381 2338 504 2408 que
535 2321 792 2386 Tiberio
838 2322 959 2386 fuit
1002 2342 1136 2385 non
1170 2322 1465 2386 omittere
1513 2327 1706 2407 caput
1748 2343 1966 2387 rerum
1992 2344 2201 2408 neque

380 2447 450 2490 se
482 2446 743 2510 remque
774 2424 1096 2509 publicam
1125 2425 1192 2488 in
1234 2445 1449 2488 casum
1480 2424 1656 2491 dare.
1731 2426 1933 2490 multa
1966 2427 2202 2512 quippe

382 2534 447 2594 et
510 2530 764 2593 diversa
836 2529 1194 2613 angebant:
1271 2528 1547 2592 validior
1611 2550 1729 2613 per
1793 2529 2204 2596 Germaniam

334 2634 724 2714 sexercituS,
767 2634 1033 2717 propior
1077 2632 1252 2717 apud
1295 2633 1728 2713 Pannoniam3
1801 2634 1913 2699 ille
1961 2635 2199 2701 Gallia·
2300 2726 2305 2733 θ

381 2760 522 2802 rum
566 2738 793 2823 opibus
841 2737 1169 2819 subnixuS,
1215 2736 1322 2800 hic
1366 2736 1594 2801 Italiae
1640 2737 1994 2802 inminens:
2044 2759 2201 2823 quos

381 2844 578 2928 igitur
605 2842 1001 2907 anteferret?
1049 2862 1123 2905 ac
1167 2860 1251 2905 ne
1297 2842 1639 2926 postpositi
1672 2842 2063 2907 contumelia
2106 2842 2197 2905 in-

384 2946 828 3011 cenderentur.
905 2951 971 3009 at
1014 2964 1132 3030 per
1174 2944 1342 3009 filios
1386 2945 1627 3030 pariter
1658 2945 1821 3009 adiri
1865 2947 2198 3011 maiestate

384 3051 580 3133 salva,
639 3051 741 3114 cui
782 3050 987 3114 maior
1032 3070 1068 3113 e
1129 3048 1480 3134 longinquo
1542 3050 1927 3115 reverentia.
2019 3051 2198 3113 simul

315 3170 366 3209 10
385 3154 902 3219 adulescentibus
970 3161 1347 3218 excusatum
1421 3154 1736 3239 quaedam
1800 3154 1885 3217 ad
1956 3160 2198 3240 patrem

386 3258 627 3322 reicere
675 3258 1160 3343 resistentisque
1196 3257 1577 3322 Germanico
1622 3265 1733 3322 aut
1762 3260 1976 3324 Druso
2011 3279 2198 3345 posse

387 3384 427 3426 a
472 3382 538 3427 se
580 3363 858 3448 mitigari
902 3362 1011 3429 vel
1054 3361 1343 3446 infringi:
1392 3360 1564 3447 quod
1608 3362 1784 3427 aliud
1832 3362 2195 3445 subsidium,
