2467 3900
372 179 408 231 4
1027 180 1307 223 CORNELII
1334 183 1529 223 TAGITI

372 361 508 428 que·
540 342 680 406 finis
728 350 793 406 et
837 363 984 426 spes
1028 363 1270 426 novae,
1321 346 1509 429 pauci
1550 345 1723 409 bona
1767 346 2078 410 libertatis
2126 346 2195 408 in

373 466 623 512 cassum
672 447 1021 530 disserere,
1084 449 1301 533 plures
1346 449 1588 514 bellum
1649 471 2027 534 pavescere,
2088 449 2201 513 alii

373 575 630 639 cupere.
716 573 866 638 pars
907 553 1110 618 multo
1159 553 1441 617 maxima
1484 553 1856 617 inminentis
1898 552 2199 617 dominos

303 689 353 727 10
371 659 567 724 variis
626 657 991 721 rumoribus
1053 655 1470 720 differebant:
1531 667 1780 721 trucem
1834 656 2197 742 Agrippam

375 771 439 829 et
485 763 840 848 ignominia
885 782 1227 826 accensum
1272 749 1431 826 non*
1460 767 1672 826 aetate
1722 782 1933 846 neque
1980 783 2197 826 reruni

375 868 778 952 experientia
806 877 1024 932 tantae
1055 867 1209 930 moli
1243 886 1484 951 parem,
1512 865 1845 931 Tiberium
1861 865 2199 930 Neronem

375 978 696 1036 maturum
729 971 931 1052 annis,
978 978 1337 1056 spectatum
1380 971 1575 1051 belle,
1623 976 1722 1034 set
1750 975 1971 1034 vetere
2004 975 2201 1054 atque

373 1076 566 1141 insita
597 1075 906 1140 Claudiae
937 1075 1218 1140 familiae
1248 1075 1568 1160 superbia,
1599 1076 1929 1159 multaque
1963 1073 2203 1137 indicia

234 1211 240 1216 ·
307 1209 356 1247 15
373 1179 703 1261 saevitiae,
736 1200 1119 1264 quamquam
1147 1184 1544 1263 premantur,
1591 1198 1951 1263 erumpere.
2028 1179 2202 1242 hunc

376 1292 442 1350 et
472 1284 678 1369 prima
708 1284 786 1347 ab
819 1283 1086 1348 infantia
1119 1282 1425 1346 eductum
1469 1283 1537 1345 in
1572 1281 1766 1347 domo
1800 1281 2200 1364 regnatrice3

377 1398 720 1476 congestos
781 1387 998 1452 iuveni
1063 1387 1434 1451 consulatus
1496 1385 1891 1470 triumphos;
1973 1407 2056 1450 ne
2121 1385 2200 1448 iis

377 1493 637 1578 quidem
684 1491 886 1573 annis,
933 1491 1160 1575 quibus
1193 1489 1414 1554 Rhodi
1459 1489 1676 1574 specie
1723 1509 2012 1552 secessus
2058 1488 2199 1552 exi-

372 1599 534 1661 lium
582 1597 808 1680 egerit,
856 1593 1031 1659 aliud
1062 1617 1254 1679 quam
1300 1595 1463 1658 iram
1510 1600 1575 1658 et
1618 1594 2093 1660 simulationem
2136 1600 2202 1658 et

309 1730 358 1768 20
378 1706 660 1765 secretas
703 1699 1026 1764 lubidines
1080 1698 1481 1765 meditatum.
1573 1698 1882 1763 accedere
1928 1705 2200 1763 matrem

379 1805 675 1870 muliebri
706 1804 1094 1889 inpotentia:
1142 1802 1554 1868 serviendum
1597 1802 1874 1866 feminae
1916 1801 2199 1866 duobus-

338 1929 343 1933 ·
377 1930 504 1994 que
549 1910 811 1995 insuper
841 1907 1381 1990 adulescentibus,
1428 1907 1537 1991 qui
1567 1927 1705 1971 rem
1750 1906 2071 1991 publicam
2105 1903 2201 1972 inss

380 2016 568 2080 terim
616 2022 927 2100 premant,
973 2011 1362 2097 quandoque
1410 2011 1785 2075 distrahant.

512 2120 572 2184 5.
632 2118 817 2183 Haec
879 2122 1070 2201 atque
1137 2117 1294 2179 talia
1359 2115 1749 2199 agitantibus
1813 2134 2200 2198 gravescere

383 2222 686 2289 valetudo
721 2222 1033 2304 Augusti:
1078 2228 1142 2285 et
1176 2220 1435 2305 quidam
1475 2221 1684 2284 scelus
1723 2220 2201 2304 suspectabant.

382 2326 620 2410 quippe
651 2346 866 2390 rumor
910 2326 1279 2405 incesserat,
1321 2345 1559 2409 paucos
1591 2329 1737 2388 ante
1773 2344 2027 2387 menses
2059 2322 2201 2386 Au-

382 2439 639 2513 gustum
685 2430 908 2493 electis
952 2429 1222 2493 consciis
1266 2434 1332 2492 et
1378 2429 1613 2491 comite
1659 2448 1787 2492 uno
1822 2428 2025 2491 Fabio
2058 2428 2202 2493 Ma-

338 2533 559 2598 5ximo
605 2531 980 2596 Planasiam·
1013 2540 1285 2599 vectum·
1313 2530 1395 2595 ad
1436 2532 1775 2597 visendum
1802 2529 2203 2617 Agrippam3

383 2636 615 2700 multas
660 2636 791 2700 illic
847 2636 1165 2720 utrimque
1211 2636 1517 2700 ‘lacrimas
1565 2644 1639 2701 et.
1688 2637 1874 2721 signa
1920 2637 2205 2701 caritatis

384 2762 691 2827 spemque
739 2761 824 2804 ex
883 2761 994 2823 eo,
1057 2741 1195 2805 fore
1258 2747 1328 2804 ut
1389 2740 1640 2806 iuvenis
1701 2741 2037 2825 penatibus
2098 2741 2206 2805 avi

382 2846 794 2911 redderetur:
861 2845 1035 2929 quod
1080 2846 1440 2910 Maximum
1484 2846 1674 2908 uxori
1718 2845 1999 2909 Marciae
2046 2865 2203 2930 ape-

382 2953 606 3034 ruisse,
654 2950 832 3015 illam
873 2949 1120 3016 Liviae.
1206 2970 1476 3033 gnarum
1524 2948 1590 3013 id
1642 2948 1931 3030 Caesari3
1990 2952 2204 3031 neque

316 3080 365 3116 10
384 3057 584 3119 multo
631 3060 782 3139 post
814 3054 1100 3119 extincto
1131 3053 1441 3135 Maximo,
1489 3052 1755 3117 dubium
1786 3075 1866 3115 an
1914 3053 2209 3138 quaesita

385 3168 626 3241 morte,
683 3159 940 3224 auditos
996 3160 1064 3223 in
1121 3159 1346 3223 funere
1405 3159 1543 3223 eius
1584 3159 1866 3223 Marciae
1924 3159 2208 3243 gemitus

385 3269 591 3327 semet
635 3262 1002 3343 incusantis,
1051 3262 1225 3346 quod
1259 3283 1449 3325 causa
1478 3262 1660 3325 exitii
1700 3262 1929 3326 marito
1960 3261 2207 3325 fuisset.

387 3374 732 3452 utcumque
789 3388 858 3431 se
923 3388 1002 3430 ea
1055 3386 1160 3430 res
1224 3365 1482 3445 habuit,
1555 3364 1836 3428 vixdum*
1880 3365 2209 3447 ingressus
