2467 3900
381 259 492 315 246
1027 260 1307 302 connnnn
1335 259 1532 300 trAcrr1

511 419 602 484 At
645 418 968 484 Tiridates
1030 418 1400 484 volentibus
1444 401 1698 480 Parthis
1743 416 2219 500 Nicephorium

386 534 450 591 et
495 523 1014 589 Anthemusiada
1071 528 1448 605 ceterasque
1493 521 1739 602 urbes,
1782 541 1947 604 quae
1994 521 2223 586 Mace-

387 630 663 696 donibus
709 631 871 693 sitae
913 631 1163 694 Graeca
1198 626 1516 692 vocabula
1560 630 1889 708 usurpant,
1935 624 2220 689 Halum-

314 758 367 797 15
387 755 510 818 que
559 739 625 798 et
667 732 1056 797 Artemitam
1101 731 1405 796 Parthica
1452 729 1695 814 oppida
1738 728 2013 813 recepit,
2076 750 2225 793 cer-

383 837 667 901 tantibus
693 837 928 922 gaudio
962 837 1072 920 qui
1088 835 1489 901 Artabanum
1514 832 1785 918 Scythas
1814 832 1984 897 inter
2014 833 2218 898 educ-

388 948 523 1004 tum
587 941 670 1005 ob
735 940 1066 1026 saevitiam
1124 938 1444 1004 exsecrati
1504 958 1690 1002 come
1754 936 2059 1010 Tiridatis
2113 937 2219 1002 in-

390 1045 653 1131 genium
691 1043 1018 1108 Romanas
1066 1064 1182 1127 per
1227 1048 1399 1107 artes
1445 1042 1809 1126 sperabant.

522 1151 627 1213 42.
673 1148 1030 1212 Plurimum
1053 1147 1445 1211 adulationis
1464 1145 1890 1210 Seleucenses
1920 1146 2216 1229 induere,

392 1255 614 1318 civitas
658 1259 926 1338 potens,
987 1258 1210 1336 saepta
1252 1251 1449 1314 muris
1494 1271 1707 1334 neque
1755 1251 1823 1313 in
1866 1249 2215 1315 barbarum

393 1363 694 1443 corrupta
731 1358 848 1421 sed
886 1356 1240 1421 conditoris
1276 1355 1530 1420 Seleuci
1571 1354 1877 1419 retinens.
1939 1357 2217 1420 trecenti

392 1463 618 1548 opibus
663 1468 774 1524 aut
819 1461 1134 1545 sapientia
1181 1459 1416 1523 delecti
1460 1464 1533 1522 ut
1576 1463 1869 1541 senatus,
1931 1481 2047 1524 sua
2089 1480 2213 1543 po-

347 1567 543 1650 spulo
590 1565 707 1629 vis,
778 1570 844 1628 et
881 1565 1178 1652 quotiens
1226 1563 1584 1628 concordes
1616 1568 1836 1646 agunt,
1886 1565 2217 1648 spernitur

388 1670 696 1734 Parthus:
744 1668 854 1732 ubi
903 1668 1285 1751 dissensere,
1336 1668 1487 1732 dum
1528 1669 1652 1733 sibi
1681 1669 1950 1752 quisque
1990 1674 2218 1733 contra

389 1775 680 1839 aemulos
723 1773 1080 1838 subsidium
1125 1781 1381 1856 vocant,
1427 1775 1669 1838 accitus
1714 1775 1779 1838 in
1810 1780 2062 1859 partem
2094 1773 2214 1837 ad-

390 1901 649 1944 versum
695 1899 916 1941 omnes
962 1877 1249 1942 valescit.
1313 1877 1383 1940 id
1425 1899 1633 1963 nuper
1668 1878 1990 1942 acciderat
2018 1875 2216 1940 Arta-

389 1986 556 2050 bano
612 1974 958 2067 regnante,
1025 1982 1134 2066 qui
1190 1982 1453 2066 plebem
1510 1982 1899 2067 primoribus
1944 1982 2216 2048 tradidit

321 2117 372 2155 10
393 2110 476 2153 ex
521 2110 635 2153 suo
683 2108 836 2152 usu:
896 2110 1048 2152 nam
1103 2087 1333 2171 populi
1378 2088 1721 2172 imperium
1777 2086 1959 2151 iuxta
2015 2086 2212 2151 liber-

389 2199 622 2275 tatem,
683 2212 1036 2277 paucorum
1092 2190 1448 2255 dominatio
1494 2191 1713 2274 regiae
1760 2190 2012 2255 libidini
2056 2211 2235 2279 pro--

388 2297 534 2380 pior
591 2301 711 2361 est.
800 2301 935 2359 tum
997 2294 1456 2359 adventantem
1501 2293 1834 2358 Tiridaten
1876 2293 2218 2359 extollunt

389 2405 682 2464 veterum
734 2420 963 2482 regum
1019 2400 1375 2464 honoribus
1438 2406 1503 2465 et
1550 2420 1712 2483 quos
1756 2420 1984 2463 recens
2030 2405 2214 2463 aetas

389 2502 626 2585 largius
705 2502 985 2584 invenit,
1071 2503 1261 2567 simul
1342 2502 1578 2587 probra
1668 2503 1733 2566 in
1808 2500 2213 2568 Artabanum

320 2636 370 2675 15
389 2604 768 2686 fundebant,
834 2612 1123 2671 materna
1188 2606 1437 2691 origine
1511 2605 1872 2671 Arsaciden
1895 2656 1911 2689 ,
1994 2612 2214 2671 cetera

392 2707 803 2792 degenerem.
892 2709 1212 2774 Tiridates
1271 2732 1410 2774 rem
1457 2709 1916 2775 Seleucensem
1965 2710 2212 2795 populo

389 2812 718 2898 permittit.
789 2834 945 2878 mox
991 2814 1359 2878 consultans
1407 2834 1682 2899 quonam
1730 2814 1833 2879 die
1872 2815 2217 2881 sollemnia

390 2916 574 2999 regni
626 2923 1022 3001 capesseret,
1085 2918 1333 2983 litteras
1394 2919 1695 2984 Phraatis
1758 2925 1823 2984 et
1881 2920 2214 3002 Hieronis,

393 3020 501 3105 qui
545 3020 971 3085 validissimas
1016 3021 1453 3105 praefecturas
1506 3024 1913 3109 optinebant,
1978 3023 2217 3109 accipit

324 3154 375 3193 20
392 3125 658 3189 brevem
706 3146 956 3188 moram
1010 3127 1431 3210 precantium.
1522 3128 1959 3213 placitumque
2008 3149 2213 3214 oppe-

392 3229 503 3293 riri
562 3231 739 3294 viros
789 3230 1249 3315 praepollentis
1296 3238 1489 3317 atque
1547 3234 1805 3297 interim
1854 3233 2215 3318 Ctesiphon

393 3334 584 3399 sedes
655 3335 911 3420 imperii
973 3336 1212 3421 petita:
1292 3336 1440 3419 sed,
1515 3337 1626 3400 ubi
1700 3337 1910 3402 diem·
1950 3359 2034 3402 ex
2102 3336 2211 3402 die

391 3437 798 3521 prolatabant
820 3489 836 3522 ,
939 3441 1156 3504 multis
1252 3461 1467 3505 coram
1553 3446 1619 3504 et
1704 3434 2215 3526 adprobantibus
