2467 3900
634 276 711 316 AB
738 275 989 316 Excusso
1016 273 1147 315 1>1v1
1172 271 1429 315 Anous'n
1454 273 1526 314 111
1551 273 1721 315 62—65.
2024 267 2130 325 151

316 434 616 518 Augusti.
707 435 1000 521 factaque
1046 442 1306 501 senatus
1353 437 1676 517 consulta,
1736 435 1876 520 quis
1931 436 2134 500 multo

318 560 461 604 cum
504 539 751 604 honore
795 539 1029 603 modus
1072 546 1292 604 tamen
1330 539 1902 624 praescribebatur‚
1947 539 2134 603 iussi·-

320 664 447 729 que
506 643 663 728 ipsis
722 642 792 706 in
852 643 1113 727 templis
1168 641 1371 726 figere
1429 663 1582 709 aera
1637 642 2010 707 sacrandam
2055 640 2134 704 ad
2187 657 2193 661 ·

316 748 689 813 memoriam
706 797 724 829 ‚
781 767 909 812 neu
966 748 1183 832 specie
1229 747 1566 830 religionis
1607 747 1677 811 in
1719 746 2134 811 ambitionem

316 852 786 918 delaberentur.
962 895 965 900 -
2155 872 2206 912 ω

441 959 550 1022 64.
632 956 765 1022 Sub
837 955 1011 1019 idem
1086 962 1343 1038 tempus
1415 954 1754 1038 Augustae
1829 956 2134 1021 valetudo

320 1067 511 1127 atrox
570 1060 1116 1126 necessitudinem
1176 1059 1454 1144 principi
1513 1059 1670 1125 fecit
1728 1060 2012 1125 festinati
2071 1060 2138 1124 in

312 1166 541 1232 urbem
568 1164 836 1246 reditus,
874 1164 1128 1230 sincera
1158 1163 1372 1228 adhuc
1399 1163 1568 1228 inter
1603 1168 1875 1228 matrem
1903 1162 2135 1227 filium-

313 1291 439 1355 que
501 1270 846 1336 concordia
904 1270 1039 1335 sive
1102 1268 1373 1334 occultis
1434 1261 1618 1332 odiis.
1708 1287 1918 1351 neque
1965 1266 2136 1330 enim

315 1374 517 1439 multo
578 1381 759 1456 ante,
821 1393 965 1438 cum
1023 1373 1196 1438 haud
1257 1372 1481 1456 procul
1535 1372 1790 1436 theatro
1845 1355 2180 1434 Marcellis

314 1477 595 1562 effigiem
630 1477 777 1541 divo
809 1475 1109 1562 Augusto
1142 1475 1311 1540 Iulia
1343 1475 1603 1554 dicaret,
1650 1474 1868 1539 Tiberi
1896 1495 2135 1539 nomen

313 1601 429 1645 suo
491 1583 981 1666 postscripserat
1037 1582 1234 1666 idque
1293 1581 1404 1646 ille
1471 1580 1853 1645 credebatur
1907 1588 1980 1644 ut
2036 1580 2132 1646 in-

310 1685 507 1751 ferius
527 1687 863 1752 maiestate
883 1685 1189 1772 principis
1208 1687 1391 1769 gravi
1418 1692 1484 1750 et
1505 1685 1902 1750 dissimulata
1925 1684 2131 1750 offen·
2159 1710 2164 1718 ·

312 1791 494 1855 sione
557 1791 903 1855 abdidisse.
1002 1797 1101 1854 set
1156 1796 1295 1854 tum
1346 1789 1660 1874 supplicia
1719 1789 1817 1852 dis
1868 1788 2130 1873 ludique

310 1896 527 1979 magni
572 1894 652 1959 ab
700 1901 928 1961 senatu
972 1893 1426 1977 decernuntur,
1478 1913 1639 1979 quos
1683 1893 2020 1979 pontifices
2066 1899 2131 1959 et
2147 1915 2201 1957 ιο

310 2018 589 2082 augures
634 2008 701 2065 et
729 2000 1221 2085 quindecimviri
1265 2000 1672 2085 septemviris
1704 2000 1893 2064 simul
1923 2006 1991 2063 et
2026 1990 2130 2063 so-

310 2104 561 2170 dalibus
592 2103 1057 2189 Augustalibus
1092 2105 1384 2169 ederent.
1441 2110 1779 2169 censuerat
1808 2102 1882 2167 L.
1916 2101 2132 2188 Apro-

307 2210 451 2272 nius
510 2215 585 2273 ut
643 2208 897 2274 fetiales
962 2230 1221 2294 quoque
1283 2209 1365 2273 iis
1435 2207 1606 2272 ludis
1671 2206 2132 2291 praesiderent·

268 2302 533 2376 ‘contra
591 2312 755 2375 dixit
801 2311 1043 2377 Caesar
1088 2312 1390 2377 distincto
1439 2310 1944 2377 sacerdotiorum
1993 2313 2132 2376 iure

310 2422 382 2479 et
425 2415 714 2499 repetitis
761 2415 1115 2499 exemplis:
1178 2436 1389 2500 neque
1449 2416 1620 2481 enim
1675 2436 1976 2500 umquam
2037 2415 2129 2480 fe·
2151 2434 2203 2473 1⁵

305 2517 561 2583 tialibus
624 2518 751 2583 hoc
812 2520 1165 2584 maiestatis
1227 2520 1444 2585 fuisse.
1533 2520 1684 2584 ideo
1739 2518 2131 2604 Augustales

307 2620 616 2704 adiectos,
662 2623 813 2706 quia
855 2623 1191 2709 proprium
1239 2624 1375 2689 eius
1423 2623 1654 2690 domus
1698 2625 2130 2689 sacerdotium

305 2735 496 2809 essct,
540 2748 659 2812 pro
706 2748 834 2813 qua
876 2736 1031 2793 vota
1070 2730 1614 2813 persolverentur.

434 2831 537 2895 65.
594 2832 881 2917 Exsequi
930 2833 1288 2898 sententias
1342 2833 1517 2897 haud
1560 2830 1808 2899 institui
1860 2835 1983 2900 nisi
2034 2835 2129 2899 in·

302 2937 522 3020 signes
568 2956 687 3019 per
730 2936 1075 3002 honestum
1120 2944 1233 3003 aut
1262 2938 1531 3004 notabili
1562 2938 1907 3023 dedecore,
1955 2938 2129 3025 quod

300 3040 717 3125 praecipuum
785 3062 1018 3106 munus
1076 3042 1402 3106 annalium
1464 3062 1644 3126 reor,
1713 3064 1796 3108 ne
1858 3043 2128 3107 virtutes

305 3144 617 3209 sileantur
660 3152 859 3228 utque
897 3145 1113 3229 pravis
1157 3145 1348 3210 dictis
1385 3145 1694 3232 factisque
1742 3168 1826 3211 ex
1855 3146 2128 3231 posteri-

299 3253 433 3312 tate
481 3255 548 3313 et
589 3247 852 3311 infamia
893 3259 1105 3314 metus
1151 3246 1256 3314 sit.'
1347 3256 1635 3316 ceterum
1678 3257 1974 3334 tempora
2017 3249 2170 3315 illas

300 3351 465 3418 adeo
512 3353 755 3418 infecta
790 3359 856 3419 et
896 3354 1268 3420 adulatione
1311 3355 1590 3439 sordida,
1635 3362 1709 3419 ut
1749 3375 1882 3418 non
1927 3354 2122 3421 modo

297 3456 613 3541 primores
657 3457 956 3542 civitatis,
1003 3458 1232 3543 quibus
1267 3458 1579 3523 claritudo
1615 3458 1942 3544 obsequiis
1972 3480 2122 3544 pro-
