2467 3900
691 243 766 281 AB
794 243 1045 283 EXGESSU
1073 244 1204 283 DIVI
1229 243 1487 284 AUGUSTI
1511 245 1575 283 IV
1604 244 1773 287 43-46.
2028 241 2134 296 19],

318 428 554 492 easque
595 405 676 470 ob
708 426 811 470 res
848 405 1125 486 insignia
1154 403 1463 488 triumphi
1493 405 1769 489 adeptus
1802 410 1920 468 est.
1984 405 2141 468 obiit

318 516 383 575 et
411 509 486 574 L.
517 508 862 592 Antonius,
908 508 1112 572 multa
1157 508 1537 573 claritudine
1584 509 1841 592 generis
1888 508 2007 573 sed
2042 509 2137 572 in-

314 635 640 699 prospera.
718 634 868 678 nam
915 619 1098 696 patre
1147 612 1287 676 eius
1315 613 1460 676 Iulo
1493 612 1780 678 Antonio
1832 613 1915 677 ob
1954 613 2137 676 adul-

315 719 545 782 terium
587 717 793 781 Iuliae
837 721 1048 780 morte
1093 716 1317 800 punito
1364 717 1534 780 hunc
1583 716 1929 782 admodum
1977 717 2137 781 adu·
2159 739 2209 777 15

313 823 759 902 lescentulum,
790 821 1028 884 sororis
1053 825 1383 904 nepotem,
1408 821 1700 905 seposuit
1716 820 2052 904 Augustus
2072 822 2137 886 in

315 927 640 991 civitatem
676 924 1168 1007 Massiliensem,
1213 924 1577 1009 ubi‘specie
1624 926 1984 991 studiorum
2020 947 2137 989 no-

315 1051 464 1095 men
528 1030 707 1094 exilii
769 1033 1121 1111 tegeretur.
1220 1031 1495 1095 habitus·
1541 1037 1759 1096 tamen
1824 1031 2139 1117 supremis

311 1135 521 1200 honor
567 1153 838 1217 ossaque
883 1132 1130 1197 tumulo
1166 1132 1582 1198 Octaviorum
1626 1135 1825 1198 inlata
1869 1155 1987 1219 per
2020 1133 2133 1198 de-

315 1245 560 1304 cretum
605 1245 884 1304 senatus,
2158 1261 2208 1300 20

440 1345 545 1407 45.
598 1342 821 1408 Isdem
852 1341 1217 1407 consulibus
1248 1342 1491 1407 facinus
1520 1349 1710 1407 atrox
1738 1344 1807 1407 in
1839 1344 2137 1410 citeriore

315 1447 630 1532 Hispania
691 1448 1041 1511 admissum
1105 1467 1144 1510 a
1205 1448 1485 1532 quodam
1557 1449 1799 1532 agresti
1859 1449 2139 1518 nationis

314 1551 776 1617 Termestinae.
839 1551 895 1614 is
925 1557 1296 1636 praetorem
1326 1552 1696 1635 provinciae
1716 1552 1791 1616 L.
1812 1553 2137 1634 Pisonem,

314 1673 475 1739 pace
519 1654 931 1736 incuriosum,
979 1673 1064 1716 ex
1109 1654 1438 1737 inproviso
1487 1656 1554 1719 in
1598 1655 1829 1720 itinere
1876 1656 2138 1720 adortus

315 1780 442 1823 uno
507 1758 773 1823 vulnere
828 1760 893 1823 in
951 1765 1229 1823 mortem
1288 1758 1557 1838 adfecit3
1622 1781 1697 1824 ac
1757 1761 2136 1844 pernicitate
2159 1789 2181 1825 5

313 1863 464 1948 equi
499 1861 828 1946 profugus,
873 1867 1216 1947 postquam
1248 1861 1567 1926 saltuosos
1597 1863 1779 1927 locos
1813 1864 2135 1948 attigerat,

290 1966 574 2031 'dimisso
633 1988 796 2051 equo
847 1987 964 2051 per
1008 1967 1283 2051 derupta
1328 1974 1396 2031 et
1440 1967 1583 2031 avia
1629 1970 1962 2051 sequentis
2007 1967 2137 2031 fru-

312 2077 548 2134 stratus
581 2077 698 2135 est.
756 2090 968 2159 neque
1001 2070 1112 2135 diu
1141 2070 1402 2136 fefellit:
1449 2092 1601 2135 nam
1640 2093 1875 2156 prenso
1910 2072 2138 2135 ducto-

313 2195 438 2258 que
483 2196 601 2259 per
647 2175 980 2258 proximos
1025 2166 1230 2261 pagos
1291 2197 1501 2261 equ0,
1568 2177 1745 2241 cuius
1803 2176 1971 2242 foret
2032 2198 2138 2241 co-

269 2277 587 2363 'gnitum.
675 2286 753 2341 et·
783 2284 1080 2361 repertus
1143 2300 1289 2343 cum
1334 2281 1673 2345 tormentis
1734 2279 1931 2345 edere
1986 2302 2139 2345 con·
2161 2307 2210 2344 10

317 2382 483 2446 scios
551 2380 955 2463 adigeretur,
1033 2401 1194 2445 voce
1272 2403 1505 2466 magna
1570 2405 1867 2449 sermone
1931 2388 2138 2469 patrio

312 2487 549 2550 frustra
593 2505 664 2549 se
702 2485 1086 2569 interrogari
1133 2485 1514 2553 clamitavit:
1563 2488 1954 2553 adsisterent
1982 2491 2141 2554 socii

312 2613 390 2655 ac
450 2595 849 2677 spectarent3
917 2589 1161 2654 nullam
1222 2588 1355 2654 vim
1416 2597 1661 2655 tantam
1729 2592 2007 2677 doloris,
2070 2601 2142 2659 ut

315 2697 657 2761 veritatem
691 2695 974 2760 eliceret.
1025 2695 1330 2779 idemque
1364 2716 1509 2760 cum
1540 2702 1801 2781 postero
1836 2697 1919 2762 ad
1944 2721 2139 2783 quae-

315 2801 592 2884 stionem
630 2800 1084 2883 retraheretur,
1123 2822 1200 2864 eo
1232 2800 1378 2864 nisu
1408 2802 1725 2886 proripuit
1755 2824 1823 2867 se
1858 2803 2139 2867 custodi·
2161 2836 2210 2873 15

317 2904 434 2968 bus
481 2925 772 2987 saxoque
827 2908 1020 2988 caput
1065 2900 1347 2985 adflixit,
1412 2909 1483 2967 ut
1536 2906 1751 2969 statim
1814 2908 2140 2971 exanima-

313 3015 512 3073 retur.
603 3008 719 3073 sed
763 3009 914 3073 Piso
947 3008 1514 3074 Termestinorum
1563 3009 1713 3073 dolo
1764 3032 1985 3074 caesus
2030 3012 2141 3074 ha-

314 3113 535 3193 betur3
613 3113 853 3198 quippe
923 3112 1229 3196 pecunias
1301 3132 1337 3176 e
1411 3112 1668 3197 publico
1746 3114 2139 3199 interceptas

316 3217 524 3280 acrius
571 3238 759 3301 quam
807 3222 878 3279 ut
922 3216 1277 3281 tolerarent
1320 3217 1577 3281 barbari
1625 3220 1919 3303 cogebat.

447 3323 550 3384 46.
607 3321 886 3386 Lentulo
939 3320 1279 3387 Gaetulico
1330 3321 1401 3386 G.
1444 3321 1717 3385 Calvisio
1766 3324 2137 3389 consulibus

315 3423 574 3489 decreta
629 3426 937 3510 triumphi
993 3426 1268 3510 insignia
1314 3427 1626 3510 Poppaeo
1674 3426 1911 3491 Sabino
1982 3449 2134 3493 con-
