2467 3900
627 256 703 295 AB
730 253 980 294 EXGESSU
1008 254 1138 293 DIVI
1163 253 1419 294 AUGUSTI
1444 254 1507 292 VI
1532 255 1702 295 35—37.
1824 307 1829 310 Ι
1968 251 2081 307 243

395 417 502 478 37:
568 413 660 479 At
702 413 1006 504 Vitellius
1053 414 1343 498 ‘profugo
1392 412 1729 480 Artabano
1788 421 1854 479 et
1896 416 2083 480 flexis

264 519 347 583 ad
408 539 648 584 novum
709 538 934 602 regem
997 518 1409 602 popularium
1470 518 1731 601 animis,
1794 520 2085 586 hortatus

263 623 595 688 Tiridaten
651 630 876 707 parata
921 642 1294 706 capessere,
1351 623 1551 687 robur
1601 624 1933 707 legionum
1980 647 2084 690 so-

266 731 636 815 ciorumque
681 729 888 813 ripam
919 727 1003 791 ad
1037 727 1385 813 Euphratis
1418 727 1612 792 ducit.
1674 731 2085 796 sacrificanti-

265 833 415 915 buS,
461 854 609 898 cum
653 833 760 895 hic
805 851 986 896 more
1031 829 1330 895 Romano
1380 834 1839 898 suovetaurilia
1884 835 2131 919 daret,5

263 937 372 1002 ille
421 958 657 1022 equum
702 936 1018 1021 placando
1066 935 1237 1000 amni
1268 935 1665 1018 adornasset,
1709 939 2084 1005 nuntiavere

263 1043 524 1106 accolae
559 1040 938 1124 Euphraten
969 1040 1148 1104 nulla
1173 1038 1475 1104 imbrium
1505 1040 1571 1104 vi
1606 1045 1673 1104 et
1707 1041 2087 1126 inmensum,

265 1146 490 1227 attolli,
538 1145 729 1209 simul
772 1142 1134 1208 albentibus
1175 1143 1419 1227 spumis
1464 1143 1531 1206 in
1564 1143 1829 1208 modum
1864 1145 2085 1213 diade-

263 1249 450 1313 matis
509 1249 764 1312 sinuare
828 1248 1048 1329 orbeS,
1112 1248 1469 1332 auspicium
1529 1249 1822 1333 prosperi
1880 1256 2086 1315 trans-

266 1373 545 1438 gressus.
620 1351 881 1436 quidam
917 1352 1210 1416 callidius
1249 1352 1855 1437 interpretabantur,
1904 1355 2087 1422 initia
2110 1375 2162 1415 10

268 1461 532 1521 conatus
563 1455 847 1520 secunda
874 1477 1086 1540 neque
1120 1455 1440 1539 diuturna,
1473 1457 1625 1540 quia
1656 1478 1880 1522 eorum
1917 1480 2081 1544 quae

265 1567 436 1626 terra
483 1561 746 1626 caelove
804 1559 1350 1646 portenderentur
1408 1561 1644 1624 certior
1697 1559 1891 1645 fides,
1955 1565 2074 1627 flu-

266 1667 510 1730 minum
554 1665 870 1730 instabilis
921 1670 1152 1728 natura
1207 1665 1398 1729 simul
1446 1665 1819 1731 ostenderet
1868 1668 2085 1734 omina

263 1775 668 1855 raperetque.
758 1769 874 1834 sed
919 1775 1117 1854 ponte
1162 1769 1434 1834 navibus
1481 1769 1713 1836 effecto
1760 1773 2087 1837 tramisso-

267 1896 392 1961 que
443 1875 734 1940 exercitu
777 1875 1023 1961 primus
1072 1873 1487 1959 Ornospades
1538 1875 1755 1939 multis
1802 1879 2090 1961 equitum
2106 1901 2159 1942 15

263 1980 520 2046 milibus
565 1980 635 2044 in
677 1987 887 2047 castra
919 1980 1116 2062 venit,
1164 1981 1317 2044 exul
1350 1976 1674 2065 quondam
1706 1987 1773 2045 et
1802 1981 2087 2066 Tiberio,

266 2106 411 2149 cum
428 2085 868 2151 Delmaticum
899 2085 1144 2149 bellum
1168 2084 1537 2169 conficeret,
1567 2084 1743 2149 haud
1772 2085 2089 2169 inglorius

265 2189 614 2253 auxiliator
661 2209 868 2273 eoque
916 2188 1172 2251 civitate
1217 2186 1516 2253 Romana
1562 2186 1869 2267 donatuS,
1932 2210 2087 2253 mox

269 2292 548 2376 repetita
605 2292 886 2357 amicitia
945 2292 1120 2375 regis
1166 2293 1369 2356 multo
1416 2292 1591 2376 apud
1640 2310 1785 2356 eum
1834 2294 2084 2358 honore

267 2396 631 2482 praefectus
679 2396 921 2481 campis
967 2398 1076 2481 qui
1104 2395 1434 2481 Euphrate
1484 2403 1549 2461 et
1592 2398 1787 2482 Tigre
1832 2398 2087 2462 inclutis
2106 2419 2157 2458 20

263 2500 557 2565 amnibus
622 2500 971 2565 circumflui
1031 2500 1541 2585 Mesopotamiae
1604 2512 1843 2565 nomen
1908 2523 2087 2567 acce-

260 2612 516 2690 perunt.
584 2626 794 2689 neque
841 2606 1044 2689 multo
1091 2611 1240 2688 post
1269 2603 1575 2668 Sinnaces
1620 2610 1819 2688 auget
1865 2606 2083 2691 copias

262 2714 328 2773 et
376 2709 671 2774 columen
710 2708 986 2794 partium
1020 2707 1445 2792 Abdagaeses
1474 2728 1699 2791 gazam
1733 2715 1799 2774 et
1825 2716 2087 2794 paratus

260 2812 478 2896 regios
523 2811 741 2876 adicit.
813 2812 1120 2877 Vitellius
1171 2816 1528 2875 ostentasse
1565 2810 1865 2878 Romana
1908 2834 2089 2877 arma

260 2916 411 2979 satis
467 2922 644 2981 ratus
703 2922 925 2980 monet
967 2915 1301 2981 Tiridaten
1358 2915 1799 3001 primoresque
1818 2966 1835 2999 ,
1895 2917 2084 3000 hunc,
2104 2932 2157 2971 26

257 3018 554 3085 Phraatis
618 3020 754 3103 avi,
824 3020 1046 3085 altoris
1113 3019 1447 3102 Caesaris,
1513 3040 1678 3104 quae
1743 3021 2084 3106 utrobique

258 3124 557 3208 pulchra,
619 3124 1020 3207 meminerit,
1077 3125 1259 3207 illos,
1310 3124 1688 3209 obsequium
1732 3125 1799 3189 in
1842 3146 2085 3209 regem,

255 3228 690 3293 reverentiam
719 3229 788 3292 in
817 3250 956 3311 nos,
1007 3228 1208 3293 decus
1244 3228 1516 3313 quisque
1564 3250 1749 3292 suum
1784 3233 1850 3292 et
1888 3228 2085 3294 fidem

258 3332 634 3399 retinerent.
735 3333 914 3397 exim
963 3354 1107 3397 cum
1153 3332 1520 3417 legionibus
1578 3333 1647 3397 in
1690 3332 1941 3415 Syriam
1984 3354 2086 3398 re-

261 3436 520 3502 meavit.
2026 3470 2029 3475 ·
2098 3460 2151 3499 30

1660 3526 1723 3574 14
1738 3518 1771 3553 '¹¹‘
