<?xml version="1.0" encoding="UTF-8"?>
<!DOCTYPE html PUBLIC "-//W3C//DTD XHTML 1.0 Transitional//EN"
    "http://www.w3.org/TR/xhtml1/DTD/xhtml1-transitional.dtd">
<html xmlns="http://www.w3.org/1999/xhtml" xml:lang="en" lang="en">
 <head>
  <title>
</title>
<meta http-equiv="Content-Type" content="text/html;charset=utf-8" />
  <meta name='ocr-system' content='tesseract 3.04.00' />
  <meta name='ocr-capabilities' content='ocr_page ocr_carea ocr_par ocr_line ocrx_word'/>
</head>
<body>
  <div class='ocr_page' id='page_1' title='image "./corneliitacitia00gitlgoog_0120.png"; bbox 0 0 2467 3900; ppageno 0'>
   <div class='ocr_carea' id='block_1_1' title="bbox 416 170 1576 226">
    <p class='ocr_par' dir='ltr' id='par_1_1' title="bbox 416 170 1576 226">
     <span class='ocr_line' id='line_1_1' title="bbox 416 170 1576 226; baseline -0.009 0"><span class='ocrx_word' id='word_1_1' title='bbox 416 170 529 226; x_wconf 87' lang='grc'>108</span> <span class='ocrx_word' id='word_1_2' title='bbox 1074 175 1351 217; x_wconf 74' lang='lat' dir='ltr'>CORNELII</span> <span class='ocrx_word' id='word_1_3' title='bbox 1381 177 1576 216; x_wconf 68' lang='lat' dir='ltr'>&#39;mom</span> 
     </span>
    </p>
   </div>
   <div class='ocr_carea' id='block_1_2' title="bbox 335 330 2246 2503">
    <p class='ocr_par' dir='ltr' id='par_1_2' title="bbox 344 330 2246 833">
     <span class='ocr_line' id='line_1_2' title="bbox 344 330 2246 417; baseline 0.002 -21"><span class='ocrx_word' id='word_1_4' title='bbox 344 350 395 391; x_wconf 82' lang='lat'>15</span> <span class='ocrx_word' id='word_1_5' title='bbox 412 331 698 416; x_wconf 83' lang='lat' dir='ltr'>explicat</span> <span class='ocrx_word' id='word_1_6' title='bbox 742 331 907 396; x_wconf 90' lang='lat' dir='ltr'>colle</span> <span class='ocrx_word' id='word_1_7' title='bbox 954 331 1156 395; x_wconf 88' lang='lat' dir='ltr'>arduo</span> <span class='ocrx_word' id='word_1_8' title='bbox 1206 337 1273 396; x_wconf 86' lang='lat' dir='ltr'>et</span> <span class='ocrx_word' id='word_1_9' title='bbox 1305 330 1612 417; x_wconf 83' lang='lat' dir='ltr'>derupt03</span> <span class='ocrx_word' id='word_1_10' title='bbox 1659 354 1810 397; x_wconf 90' lang='lat' dir='ltr'>nam</span> <span class='ocrx_word' id='word_1_11' title='bbox 1841 339 2058 398; x_wconf 88' lang='lat' dir='ltr'>cetera</span> <span class='ocrx_word' id='word_1_12' title='bbox 2086 336 2246 400; x_wconf 89' lang='lat' dir='ltr'>mari</span> 
     </span>
     <span class='ocr_line' id='line_1_3' title="bbox 411 436 2246 520; baseline 0.002 -21"><span class='ocrx_word' id='word_1_13' title='bbox 411 437 772 520; x_wconf 87' lang='lat' dir='ltr'>cinguntur.</span> <span class='ocrx_word' id='word_1_14' title='bbox 850 441 1072 500; x_wconf 88' lang='lat' dir='ltr'>contra</span> <span class='ocrx_word' id='word_1_15' title='bbox 1112 436 1409 502; x_wconf 78' lang='lat' dir='ltr'>veterani</span> <span class='ocrx_word' id='word_1_16' title='bbox 1456 437 1790 502; x_wconf 79' lang='lat' dir='ltr'>ordinibus</span> <span class='ocrx_word' id='word_1_17' title='bbox 1837 459 1911 503; x_wconf 90' lang='lat' dir='ltr'>ac</span> <span class='ocrx_word' id='word_1_18' title='bbox 1943 438 2246 504; x_wconf 89' lang='lat' dir='ltr'>subsidiis</span> 
     </span>
     <span class='ocr_line' id='line_1_4' title="bbox 410 538 2245 628; baseline 0.003 -26"><span class='ocrx_word' id='word_1_19' title='bbox 410 539 735 606; x_wconf 77' lang='lat' dir='ltr'><strong>instructi:</strong></span> <span class='ocrx_word' id='word_1_20' title='bbox 794 538 944 603; x_wconf 90' lang='lat' dir='ltr'>hinc</span> <span class='ocrx_word' id='word_1_21' title='bbox 1000 539 1312 623; x_wconf 86' lang='lat' dir='ltr'>militum,</span> <span class='ocrx_word' id='word_1_22' title='bbox 1371 539 1524 606; x_wconf 87' lang='lat' dir='ltr'>inde</span> <span class='ocrx_word' id='word_1_23' title='bbox 1568 541 1863 606; x_wconf 89' lang='lat' dir='ltr'>locorum</span> <span class='ocrx_word' id='word_1_24' title='bbox 1909 544 2245 628; x_wconf 88' lang='lat' dir='ltr'>asperitas,</span> 
     </span>
     <span class='ocr_line' id='line_1_5' title="bbox 410 643 2245 730; baseline 0.001 -22"><span class='ocrx_word' id='word_1_25' title='bbox 410 645 529 708; x_wconf 88' lang='lat' dir='ltr'>sed</span> <span class='ocrx_word' id='word_1_26' title='bbox 572 664 706 708; x_wconf 92' lang='lat' dir='ltr'>non</span> <span class='ocrx_word' id='word_1_27' title='bbox 750 643 1032 726; x_wconf 86' lang='lat' dir='ltr'>animus,</span> <span class='ocrx_word' id='word_1_28' title='bbox 1091 664 1225 709; x_wconf 91' lang='lat' dir='ltr'>non</span> <span class='ocrx_word' id='word_1_29' title='bbox 1270 663 1450 728; x_wconf 88' lang='lat' dir='ltr'>spes,</span> <span class='ocrx_word' id='word_1_30' title='bbox 1506 665 1590 708; x_wconf 88' lang='lat' dir='ltr'>ne</span> <span class='ocrx_word' id='word_1_31' title='bbox 1636 645 1768 709; x_wconf 86' lang='lat' dir='ltr'>tela</span> <span class='ocrx_word' id='word_1_32' title='bbox 1815 644 2074 730; x_wconf 88' lang='lat' dir='ltr'>quidem</span> <span class='ocrx_word' id='word_1_33' title='bbox 2121 645 2245 710; x_wconf 88' lang='lat' dir='ltr'>nisi</span> 
     </span>
     <span class='ocr_line' id='line_1_6' title="bbox 410 747 2244 833; baseline 0.001 -21"><span class='ocrx_word' id='word_1_34' title='bbox 410 749 710 832; x_wconf 87' lang='lat' dir='ltr'>agrestia,</span> <span class='ocrx_word' id='word_1_35' title='bbox 757 748 840 812; x_wconf 88' lang='lat' dir='ltr'>ad</span> <span class='ocrx_word' id='word_1_36' title='bbox 885 747 1167 812; x_wconf 85' lang='lat' dir='ltr'>subitum</span> <span class='ocrx_word' id='word_1_37' title='bbox 1212 768 1400 812; x_wconf 91' lang='lat' dir='ltr'>usum</span> <span class='ocrx_word' id='word_1_38' title='bbox 1445 754 1810 833; x_wconf 88' lang='lat' dir='ltr'>properata.</span> <span class='ocrx_word' id='word_1_39' title='bbox 1887 756 1958 813; x_wconf 90' lang='lat' dir='ltr'>ut</span> <span class='ocrx_word' id='word_1_40' title='bbox 2004 770 2244 814; x_wconf 86' lang='lat' dir='ltr'>venere</span> 
     </span>
    </p>

    <p class='ocr_par' dir='ltr' id='par_1_3' title="bbox 340 851 2244 1144">
     <span class='ocr_line' id='line_1_7' title="bbox 340 851 2242 938; baseline 0.003 -26"><span class='ocrx_word' id='word_1_41' title='bbox 340 852 476 916; x_wconf 66' lang='lat' dir='ltr'>noin</span> <span class='ocrx_word' id='word_1_42' title='bbox 536 871 795 934; x_wconf 89' lang='lat' dir='ltr'>manus,</span> <span class='ocrx_word' id='word_1_43' title='bbox 854 873 986 916; x_wconf 92' lang='lat' dir='ltr'>non</span> <span class='ocrx_word' id='word_1_44' title='bbox 1043 851 1211 916; x_wconf 88' lang='lat' dir='ltr'>ultra</span> <span class='ocrx_word' id='word_1_45' title='bbox 1262 852 1627 917; x_wconf 73' lang='lat' dir='ltr'><strong>dubitatum</strong></span> <span class='ocrx_word' id='word_1_46' title='bbox 1673 873 1862 938; x_wconf 87' lang='lat' dir='ltr'>quam</span> <span class='ocrx_word' id='word_1_47' title='bbox 1908 853 2062 917; x_wconf 88' lang='lat' dir='ltr'>dum</span> <span class='ocrx_word' id='word_1_48' title='bbox 2104 853 2242 918; x_wconf 85' lang='lat' dir='ltr'>Ro-</span> 
     </span>
     <span class='ocr_line' id='line_1_8' title="bbox 409 955 2244 1040; baseline -0.001 -19"><span class='ocrx_word' id='word_1_49' title='bbox 409 977 637 1021; x_wconf 82' lang='lat' dir='ltr'>manae</span> <span class='ocrx_word' id='word_1_50' title='bbox 696 956 997 1021; x_wconf 80' lang='lat' dir='ltr'>cohortes</span> <span class='ocrx_word' id='word_1_51' title='bbox 1053 955 1123 1018; x_wconf 91' lang='lat' dir='ltr'>in</span> <span class='ocrx_word' id='word_1_52' title='bbox 1168 976 1442 1040; x_wconf 88' lang='lat' dir='ltr'>aequum</span> <span class='ocrx_word' id='word_1_53' title='bbox 1491 955 1920 1020; x_wconf 79' lang='lat' dir='ltr'>eniterentur:</span> <span class='ocrx_word' id='word_1_54' title='bbox 1980 961 2244 1022; x_wconf 81' lang='lat' dir='ltr'>vertunt</span> 
     </span>
     <span class='ocr_line' id='line_1_9' title="bbox 406 1059 1820 1144; baseline -0.001 -19"><span class='ocrx_word' id='word_1_55' title='bbox 406 1068 595 1144; x_wconf 85' lang='lat' dir='ltr'>terga</span> <span class='ocrx_word' id='word_1_56' title='bbox 642 1059 877 1125; x_wconf 78' lang='lat' dir='ltr'>Cilices</span> <span class='ocrx_word' id='word_1_57' title='bbox 926 1079 1125 1144; x_wconf 91' lang='lat' dir='ltr'>seque</span> <span class='ocrx_word' id='word_1_58' title='bbox 1174 1060 1442 1124; x_wconf 90' lang='lat' dir='ltr'>castello</span> <span class='ocrx_word' id='word_1_59' title='bbox 1494 1060 1820 1126; x_wconf 88' lang='lat' dir='ltr'>claudunt.</span> 
     </span>
    </p>

    <p class='ocr_par' dir='ltr' id='par_1_4' title="bbox 335 1163 2242 2503">
     <span class='ocr_line' id='line_1_10' title="bbox 538 1163 2242 1251; baseline 0.001 -24"><span class='ocrx_word' id='word_1_60' title='bbox 538 1165 644 1228; x_wconf 88' lang='lat'>81.</span> <span class='ocrx_word' id='word_1_61' title='bbox 712 1163 985 1228; x_wconf 80' lang='lat' dir='ltr'>Interim</span> <span class='ocrx_word' id='word_1_62' title='bbox 1041 1163 1193 1228; x_wconf 91' lang='lat' dir='ltr'>Piso</span> <span class='ocrx_word' id='word_1_63' title='bbox 1265 1164 1533 1230; x_wconf 78' lang='lat' dir='ltr'>classem</span> <span class='ocrx_word' id='word_1_64' title='bbox 1601 1165 1775 1230; x_wconf 89' lang='lat' dir='ltr'>haud</span> <span class='ocrx_word' id='word_1_65' title='bbox 1837 1165 2064 1249; x_wconf 89' lang='lat' dir='ltr'>procul</span> <span class='ocrx_word' id='word_1_66' title='bbox 2128 1186 2242 1251; x_wconf 89' lang='lat' dir='ltr'>op-</span> 
     </span>
     <span class='ocr_line' id='line_1_11' title="bbox 407 1266 2238 1355; baseline 0.002 -24"><span class='ocrx_word' id='word_1_67' title='bbox 407 1269 770 1353; x_wconf 82' lang='lat' dir='ltr'>perientem</span> <span class='ocrx_word' id='word_1_68' title='bbox 830 1266 1205 1351; x_wconf 83' lang='lat' dir='ltr'>adpugnare</span> <span class='ocrx_word' id='word_1_69' title='bbox 1265 1267 1498 1332; x_wconf 88' lang='lat' dir='ltr'>frustra</span> <span class='ocrx_word' id='word_1_70' title='bbox 1549 1268 1926 1355; x_wconf 83' lang='lat' dir='ltr'>temptavit3</span> <span class='ocrx_word' id='word_1_71' title='bbox 1984 1290 2238 1354; x_wconf 89' lang='lat' dir='ltr'>regres-</span> 
     </span>
     <span class='ocr_line' id='line_1_12' title="bbox 409 1370 2241 1457; baseline 0.001 -21"><span class='ocrx_word' id='word_1_72' title='bbox 409 1391 644 1457; x_wconf 84' lang='lat' dir='ltr'>susque</span> <span class='ocrx_word' id='word_1_73' title='bbox 708 1376 775 1435; x_wconf 91' lang='lat' dir='ltr'>et</span> <span class='ocrx_word' id='word_1_74' title='bbox 834 1393 951 1456; x_wconf 92' lang='lat' dir='ltr'>pro</span> <span class='ocrx_word' id='word_1_75' title='bbox 1012 1371 1246 1455; x_wconf 88' lang='lat' dir='ltr'>muris,</span> <span class='ocrx_word' id='word_1_76' title='bbox 1309 1370 1505 1436; x_wconf 91' lang='lat' dir='ltr'>modo</span> <span class='ocrx_word' id='word_1_77' title='bbox 1567 1378 1775 1437; x_wconf 86' lang='lat' dir='ltr'>semet</span> <span class='ocrx_word' id='word_1_78' title='bbox 1832 1373 2241 1457; x_wconf 89' lang='lat' dir='ltr'>adflictando‚</span> 
     </span>
     <span class='ocr_line' id='line_1_13' title="bbox 407 1475 2240 1561; baseline 0.001 -21"><span class='ocrx_word' id='word_1_79' title='bbox 407 1475 603 1540; x_wconf 91' lang='lat' dir='ltr'>modo</span> <span class='ocrx_word' id='word_1_80' title='bbox 650 1475 937 1559; x_wconf 87' lang='lat' dir='ltr'>singulos</span> <span class='ocrx_word' id='word_1_81' title='bbox 983 1475 1244 1540; x_wconf 88' lang='lat' dir='ltr'>nomine</span> <span class='ocrx_word' id='word_1_82' title='bbox 1292 1477 1467 1541; x_wconf 90' lang='lat' dir='ltr'>ciens</span> <span class='ocrx_word' id='word_1_83' title='bbox 1511 1477 1814 1561; x_wconf 87' lang='lat' dir='ltr'>praemiis</span> <span class='ocrx_word' id='word_1_84' title='bbox 1852 1476 2240 1543; x_wconf 86' lang='lat' dir='ltr'>seditionem</span> 
     </span>
     <span class='ocr_line' id='line_1_14' title="bbox 364 1579 2240 1669; baseline 0.002 -24"><span class='ocrx_word' id='word_1_85' title='bbox 364 1579 753 1663; x_wconf 71' lang='lat' dir='ltr'>scoeptabat</span> <span class='ocrx_word' id='word_1_86' title='bbox 794 1579 1092 1664; x_wconf 82' lang='lat' dir='ltr'>adeoque</span> <span class='ocrx_word' id='word_1_87' title='bbox 1125 1585 1588 1666; x_wconf 84' lang='lat' dir='ltr'>commoverat,</span> <span class='ocrx_word' id='word_1_88' title='bbox 1633 1588 1706 1646; x_wconf 88' lang='lat' dir='ltr'>ut</span> <span class='ocrx_word' id='word_1_89' title='bbox 1735 1582 2002 1669; x_wconf 86' lang='lat' dir='ltr'>signifer</span> <span class='ocrx_word' id='word_1_90' title='bbox 2030 1584 2240 1668; x_wconf 87' lang='lat' dir='ltr'>legio-</span> 
     </span>
     <span class='ocr_line' id='line_1_15' title="bbox 407 1669 2238 1770; baseline 0.001 -21"><span class='ocrx_word' id='word_1_91' title='bbox 407 1686 505 1749; x_wconf 89' lang='lat' dir='ltr'>nis</span> <span class='ocrx_word' id='word_1_92' title='bbox 552 1689 777 1749; x_wconf 82' lang='lat' dir='ltr'>sextae</span> <span class='ocrx_word' id='word_1_93' title='bbox 824 1684 1077 1770; x_wconf 88' lang='lat' dir='ltr'>signum</span> <span class='ocrx_word' id='word_1_94' title='bbox 1124 1684 1209 1748; x_wconf 91' lang='lat' dir='ltr'>ad</span> <span class='ocrx_word' id='word_1_95' title='bbox 1241 1707 1392 1750; x_wconf 90' lang='lat' dir='ltr'>eum</span> <span class='ocrx_word' id='word_1_96' title='bbox 1422 1687 1838 1752; x_wconf 88' lang='lat' dir='ltr'>transtulerit.</span> <span class='ocrx_word' id='word_1_97' title='bbox 1909 1669 2047 1751; x_wconf 86' lang='lat' dir='ltr'>tum</span> <span class='ocrx_word' id='word_1_98' title='bbox 2077 1687 2238 1752; x_wconf 84' lang='lat' dir='ltr'>Sen-</span> 
     </span>
     <span class='ocr_line' id='line_1_16' title="bbox 404 1789 2238 1876; baseline 0.001 -21"><span class='ocrx_word' id='word_1_99' title='bbox 404 1791 531 1855; x_wconf 87' lang='lat' dir='ltr'>tius</span> <span class='ocrx_word' id='word_1_100' title='bbox 592 1809 905 1855; x_wconf 86' lang='lat' dir='ltr'>occanere</span> <span class='ocrx_word' id='word_1_101' title='bbox 964 1810 1205 1854; x_wconf 89' lang='lat' dir='ltr'>cornua</span> <span class='ocrx_word' id='word_1_102' title='bbox 1256 1789 1569 1874; x_wconf 89' lang='lat' dir='ltr'>tubasque</span> <span class='ocrx_word' id='word_1_103' title='bbox 1619 1796 1684 1856; x_wconf 88' lang='lat' dir='ltr'>et</span> <span class='ocrx_word' id='word_1_104' title='bbox 1727 1791 1864 1876; x_wconf 87' lang='lat' dir='ltr'>peti</span> <span class='ocrx_word' id='word_1_105' title='bbox 1909 1811 2238 1876; x_wconf 86' lang='lat' dir='ltr'>aggerem,</span> 
     </span>
     <span class='ocr_line' id='line_1_17' title="bbox 406 1894 2238 1982; baseline -0.001 -21"><span class='ocrx_word' id='word_1_106' title='bbox 406 1897 570 1982; x_wconf 90' lang='lat' dir='ltr'>erigi</span> <span class='ocrx_word' id='word_1_107' title='bbox 617 1894 819 1961; x_wconf 90' lang='lat' dir='ltr'>scalas</span> <span class='ocrx_word' id='word_1_108' title='bbox 848 1894 1031 1959; x_wconf 88' lang='lat' dir='ltr'>iussit</span> <span class='ocrx_word' id='word_1_109' title='bbox 1060 1915 1135 1959; x_wconf 90' lang='lat' dir='ltr'>ac</span> <span class='ocrx_word' id='word_1_110' title='bbox 1164 1894 1714 1981; x_wconf 90' lang='lat' dir='ltr'>promptissimum</span> <span class='ocrx_word' id='word_1_111' title='bbox 1748 1914 2064 1981; x_wconf 88' lang='lat' dir='ltr'>quemque</span> <span class='ocrx_word' id='word_1_112' title='bbox 2096 1916 2238 1960; x_wconf 76' lang='lat' dir='ltr'>suc·-</span> 
     </span>
     <span class='ocr_line' id='line_1_18' title="bbox 408 2000 2237 2083; baseline -0.001 -17"><span class='ocrx_word' id='word_1_113' title='bbox 408 2000 675 2082; x_wconf 89' lang='lat' dir='ltr'>cedere,</span> <span class='ocrx_word' id='word_1_114' title='bbox 734 2000 894 2066; x_wconf 90' lang='lat' dir='ltr'>alios</span> <span class='ocrx_word' id='word_1_115' title='bbox 952 2001 1294 2064; x_wconf 90' lang='lat' dir='ltr'>tormentis</span> <span class='ocrx_word' id='word_1_116' title='bbox 1354 2021 1511 2064; x_wconf 83' lang='lat' dir='ltr'>saxa</span> <span class='ocrx_word' id='word_1_117' title='bbox 1568 2006 1635 2065; x_wconf 92' lang='lat' dir='ltr'>et</span> <span class='ocrx_word' id='word_1_118' title='bbox 1689 2000 1863 2065; x_wconf 85' lang='lat' dir='ltr'>faces</span> <span class='ocrx_word' id='word_1_119' title='bbox 1917 2000 2237 2083; x_wconf 87' lang='lat' dir='ltr'>ingerere.</span> 
     </span>
     <span class='ocr_line' id='line_1_19' title="bbox 335 2103 2237 2190; baseline 0.001 -24"><span class='ocrx_word' id='word_1_120' title='bbox 335 2128 385 2167; x_wconf 81' lang='grc' dir='ltr'>ιο</span> <span class='ocrx_word' id='word_1_121' title='bbox 405 2104 667 2170; x_wconf 88' lang='lat' dir='ltr'>tandem</span> <span class='ocrx_word' id='word_1_122' title='bbox 728 2104 899 2168; x_wconf 84' lang='lat' dir='ltr'>victa</span> <span class='ocrx_word' id='word_1_123' title='bbox 960 2104 1314 2190; x_wconf 87' lang='lat' dir='ltr'>pertinacia</span> <span class='ocrx_word' id='word_1_124' title='bbox 1371 2103 1524 2169; x_wconf 90' lang='lat' dir='ltr'>Piso</span> <span class='ocrx_word' id='word_1_125' title='bbox 1593 2105 1800 2179; x_wconf 85' lang='lat' dir='ltr'>oravit</span> <span class='ocrx_word' id='word_1_126' title='bbox 1857 2112 1930 2169; x_wconf 90' lang='lat' dir='ltr'>ut</span> <span class='ocrx_word' id='word_1_127' title='bbox 1985 2103 2237 2169; x_wconf 89' lang='lat' dir='ltr'>traditis</span> 
     </span>
     <span class='ocr_line' id='line_1_20' title="bbox 404 2207 2235 2292; baseline 0 -19"><span class='ocrx_word' id='word_1_128' title='bbox 404 2209 597 2273; x_wconf 87' lang='lat' dir='ltr'>armis</span> <span class='ocrx_word' id='word_1_129' title='bbox 640 2214 932 2272; x_wconf 89' lang='lat' dir='ltr'>maneret</span> <span class='ocrx_word' id='word_1_130' title='bbox 960 2207 1027 2272; x_wconf 91' lang='lat' dir='ltr'>in</span> <span class='ocrx_word' id='word_1_131' title='bbox 1061 2208 1347 2292; x_wconf 87' lang='lat' dir='ltr'>caste110,</span> <span class='ocrx_word' id='word_1_132' title='bbox 1397 2207 1549 2274; x_wconf 89' lang='lat' dir='ltr'>dum</span> <span class='ocrx_word' id='word_1_133' title='bbox 1584 2208 1822 2273; x_wconf 82' lang='lat' dir='ltr'>Caesar</span> <span class='ocrx_word' id='word_1_134' title='bbox 1856 2208 1955 2273; x_wconf 91' lang='lat' dir='ltr'>cui</span> <span class='ocrx_word' id='word_1_135' title='bbox 1987 2208 2235 2273; x_wconf 83' lang='lat' dir='ltr'>Suriam</span> 
     </span>
     <span class='ocr_line' id='line_1_21' title="bbox 403 2310 2235 2399; baseline -0.001 -21"><span class='ocrx_word' id='word_1_136' title='bbox 403 2313 811 2397; x_wconf 88' lang='lat' dir='ltr'>permitteret</span> <span class='ocrx_word' id='word_1_137' title='bbox 858 2310 1229 2377; x_wconf 89' lang='lat' dir='ltr'>consulitur.</span> <span class='ocrx_word' id='word_1_138' title='bbox 1307 2334 1439 2378; x_wconf 91' lang='lat' dir='ltr'>non</span> <span class='ocrx_word' id='word_1_139' title='bbox 1483 2320 1785 2399; x_wconf 85' lang='lat' dir='ltr'>receptae</span> <span class='ocrx_word' id='word_1_140' title='bbox 1823 2313 2235 2380; x_wconf 88' lang='lat' dir='ltr'>condiciones</span> 
     </span>
     <span class='ocr_line' id='line_1_22' title="bbox 402 2418 2236 2503; baseline 0 -21"><span class='ocrx_word' id='word_1_141' title='bbox 402 2438 523 2483; x_wconf 91' lang='lat' dir='ltr'>nec</span> <span class='ocrx_word' id='word_1_142' title='bbox 580 2418 755 2482; x_wconf 91' lang='lat' dir='ltr'>aliud</span> <span class='ocrx_word' id='word_1_143' title='bbox 814 2438 1008 2503; x_wconf 90' lang='lat' dir='ltr'>quam</span> <span class='ocrx_word' id='word_1_144' title='bbox 1064 2437 1263 2482; x_wconf 85' lang='lat' dir='ltr'>naves</span> <span class='ocrx_word' id='word_1_145' title='bbox 1323 2424 1388 2483; x_wconf 89' lang='lat' dir='ltr'>et</span> <span class='ocrx_word' id='word_1_146' title='bbox 1443 2425 1654 2484; x_wconf 88' lang='lat' dir='ltr'>tutum</span> <span class='ocrx_word' id='word_1_147' title='bbox 1711 2420 1778 2484; x_wconf 93' lang='lat' dir='ltr'>in</span> <span class='ocrx_word' id='word_1_148' title='bbox 1835 2419 2062 2484; x_wconf 88' lang='lat' dir='ltr'>urbem</span> <span class='ocrx_word' id='word_1_149' title='bbox 2113 2418 2236 2484; x_wconf 87' lang='lat' dir='ltr'>iter</span> 
     </span>
    </p>
   </div>
   <div class='ocr_carea' id='block_1_3' title="bbox 406 2541 2233 2709">
    <p class='ocr_par' dir='ltr' id='par_1_5' title="bbox 406 2541 2233 2709">
     <span class='ocr_line' id='line_1_23' title="bbox 406 2541 805 2586; baseline 0 0"><span class='ocrx_word' id='word_1_150' title='bbox 406 2541 805 2586; x_wconf 89' lang='lat' dir='ltr'>concessum.</span> 
     </span>
     <span class='ocr_line' id='line_1_24' title="bbox 516 2623 2233 2709; baseline 0.002 -20"><span class='ocrx_word' id='word_1_151' title='bbox 516 2626 637 2689; x_wconf 83' lang='lat'>82.</span> <span class='ocrx_word' id='word_1_152' title='bbox 699 2623 792 2689; x_wconf 88' lang='lat' dir='ltr'>At</span> <span class='ocrx_word' id='word_1_153' title='bbox 820 2625 1095 2707; x_wconf 86' lang='lat' dir='ltr'>Romae,</span> <span class='ocrx_word' id='word_1_154' title='bbox 1142 2630 1488 2709; x_wconf 88' lang='lat' dir='ltr'>postquam</span> <span class='ocrx_word' id='word_1_155' title='bbox 1523 2624 1891 2689; x_wconf 80' lang='lat' dir='ltr'>Germanici</span> <span class='ocrx_word' id='word_1_156' title='bbox 1927 2625 2233 2692; x_wconf 84' lang='lat' dir='ltr'>valetudo</span> 
     </span>
    </p>
   </div>
   <div class='ocr_carea' id='block_1_4' title="bbox 268 2727 2235 3437">
    <p class='ocr_par' dir='ltr' id='par_1_6' title="bbox 268 2727 2235 3437">
     <span class='ocr_line' id='line_1_25' title="bbox 400 2727 2235 2813; baseline 0 -20"><span class='ocrx_word' id='word_1_157' title='bbox 400 2730 835 2813; x_wconf 85' lang='lat' dir='ltr'>percrebruit,</span> <span class='ocrx_word' id='word_1_158' title='bbox 899 2735 971 2794; x_wconf 94' lang='lat' dir='ltr'>ut</span> <span class='ocrx_word' id='word_1_159' title='bbox 1028 2750 1114 2795; x_wconf 83' lang='lat' dir='ltr'>ex</span> <span class='ocrx_word' id='word_1_160' title='bbox 1159 2728 1551 2813; x_wconf 81' lang='lat' dir='ltr'>longinque,</span> <span class='ocrx_word' id='word_1_161' title='bbox 1612 2733 1799 2793; x_wconf 87' lang='lat' dir='ltr'>aucta</span> <span class='ocrx_word' id='word_1_162' title='bbox 1841 2729 1909 2792; x_wconf 89' lang='lat' dir='ltr'>in</span> <span class='ocrx_word' id='word_1_163' title='bbox 1956 2727 2235 2793; x_wconf 89' lang='lat' dir='ltr'>deterius</span> 
     </span>
     <span class='ocr_line' id='line_1_26' title="bbox 404 2831 2232 2919; baseline 0 -23"><span class='ocrx_word' id='word_1_164' title='bbox 404 2831 592 2897; x_wconf 90' lang='lat' dir='ltr'>dolor</span> <span class='ocrx_word' id='word_1_165' title='bbox 634 2833 731 2896; x_wconf 88' lang='lat' dir='ltr'>ira</span> <span class='ocrx_word' id='word_1_166' title='bbox 776 2833 1202 2918; x_wconf 88' lang='lat' dir='ltr'>erumpebant</span> <span class='ocrx_word' id='word_1_167' title='bbox 1249 2834 1316 2898; x_wconf 89' lang='lat' dir='ltr'>in</span> <span class='ocrx_word' id='word_1_168' title='bbox 1363 2839 1647 2919; x_wconf 90' lang='lat' dir='ltr'>questus.</span> <span class='ocrx_word' id='word_1_169' title='bbox 1733 2832 1884 2897; x_wconf 91' lang='lat' dir='ltr'>ideo</span> <span class='ocrx_word' id='word_1_170' title='bbox 1931 2833 2232 2897; x_wconf 87' lang='lat' dir='ltr'>nimirum</span> 
     </span>
     <span class='ocr_line' id='line_1_27' title="bbox 401 2936 2231 3023; baseline 0 -23"><span class='ocrx_word' id='word_1_171' title='bbox 401 2938 467 3003; x_wconf 91' lang='lat' dir='ltr'>in</span> <span class='ocrx_word' id='word_1_172' title='bbox 524 2944 849 3002; x_wconf 84' lang='lat' dir='ltr'>extremas</span> <span class='ocrx_word' id='word_1_173' title='bbox 906 2943 1113 3002; x_wconf 85' lang='lat' dir='ltr'>terras</span> <span class='ocrx_word' id='word_1_174' title='bbox 1166 2939 1562 3023; x_wconf 86' lang='lat' dir='ltr'>relegatum,</span> <span class='ocrx_word' id='word_1_175' title='bbox 1622 2936 1772 3001; x_wconf 89' lang='lat' dir='ltr'>ideo</span> <span class='ocrx_word' id='word_1_176' title='bbox 1817 2936 2040 3002; x_wconf 90' lang='lat' dir='ltr'>Pisoni</span> <span class='ocrx_word' id='word_1_177' title='bbox 2083 2957 2231 3021; x_wconf 91' lang='lat' dir='ltr'>per-</span> 
     </span>
     <span class='ocr_line' id='line_1_28' title="bbox 268 3039 2231 3127; baseline -0.001 -21"><span class='ocrx_word' id='word_1_178' title='bbox 268 3066 289 3085; x_wconf 65' lang='lat'><strong><em>‘</em></strong></span> <span class='ocrx_word' id='word_1_179' title='bbox 359 3039 660 3106; x_wconf 71' lang='lat' dir='ltr'>smissam</span> <span class='ocrx_word' id='word_1_180' title='bbox 702 3041 1127 3126; x_wconf 81' lang='lat' dir='ltr'>provinciam3</span> <span class='ocrx_word' id='word_1_181' title='bbox 1174 3040 1304 3106; x_wconf 88' lang='lat' dir='ltr'>hoc</span> <span class='ocrx_word' id='word_1_182' title='bbox 1335 3042 1549 3127; x_wconf 88' lang='lat' dir='ltr'>egisse</span> <span class='ocrx_word' id='word_1_183' title='bbox 1579 3047 1864 3106; x_wconf 88' lang='lat' dir='ltr'>secretos</span> <span class='ocrx_word' id='word_1_184' title='bbox 1894 3039 2231 3125; x_wconf 87' lang='lat' dir='ltr'>Augustae</span> 
     </span>
     <span class='ocr_line' id='line_1_29' title="bbox 405 3143 2230 3229; baseline -0.002 -18"><span class='ocrx_word' id='word_1_185' title='bbox 405 3168 547 3211; x_wconf 91' lang='lat' dir='ltr'>cum</span> <span class='ocrx_word' id='word_1_186' title='bbox 592 3145 901 3210; x_wconf 90' lang='lat' dir='ltr'>Plancina</span> <span class='ocrx_word' id='word_1_187' title='bbox 944 3165 1299 3209; x_wconf 89' lang='lat' dir='ltr'>sermones.</span> <span class='ocrx_word' id='word_1_188' title='bbox 1382 3164 1538 3210; x_wconf 87' lang='lat' dir='ltr'>vera</span> <span class='ocrx_word' id='word_1_189' title='bbox 1580 3164 1840 3229; x_wconf 91' lang='lat' dir='ltr'>prorsus</span> <span class='ocrx_word' id='word_1_190' title='bbox 1888 3143 1970 3209; x_wconf 91' lang='lat' dir='ltr'>de</span> <span class='ocrx_word' id='word_1_191' title='bbox 2016 3144 2230 3208; x_wconf 88' lang='lat' dir='ltr'>Druso</span> 
     </span>
     <span class='ocr_line' id='line_1_30' title="bbox 402 3245 2232 3332; baseline 0 -21"><span class='ocrx_word' id='word_1_192' title='bbox 402 3250 689 3314; x_wconf 89' lang='lat' dir='ltr'>seniores</span> <span class='ocrx_word' id='word_1_193' title='bbox 759 3248 1046 3312; x_wconf 86' lang='lat' dir='ltr'>locutos:</span> <span class='ocrx_word' id='word_1_194' title='bbox 1126 3245 1470 3332; x_wconf 89' lang='lat' dir='ltr'>displicere</span> <span class='ocrx_word' id='word_1_195' title='bbox 1537 3246 1959 3331; x_wconf 83' lang='lat' dir='ltr'>regnantibus</span> <span class='ocrx_word' id='word_1_196' title='bbox 2022 3247 2232 3312; x_wconf 85' lang='lat' dir='ltr'>civilia</span> 
     </span>
     <span class='ocr_line' id='line_1_31' title="bbox 400 3350 2230 3437; baseline 0 -22"><span class='ocrx_word' id='word_1_197' title='bbox 400 3352 678 3418; x_wconf 90' lang='lat' dir='ltr'>filiorum</span> <span class='ocrx_word' id='word_1_198' title='bbox 720 3352 983 3437; x_wconf 86' lang='lat' dir='ltr'>ingenia</span> <span class='ocrx_word' id='word_1_199' title='bbox 1026 3372 1238 3437; x_wconf 87' lang='lat' dir='ltr'>neque</span> <span class='ocrx_word' id='word_1_200' title='bbox 1289 3352 1370 3417; x_wconf 93' lang='lat' dir='ltr'>ob</span> <span class='ocrx_word' id='word_1_201' title='bbox 1407 3350 1584 3416; x_wconf 89' lang='lat' dir='ltr'>aliud</span> <span class='ocrx_word' id='word_1_202' title='bbox 1614 3351 2010 3437; x_wconf 89' lang='lat' dir='ltr'>interceptos</span> <span class='ocrx_word' id='word_1_203' title='bbox 2041 3372 2230 3437; x_wconf 88' lang='lat' dir='ltr'>quam</span> 
     </span>
    </p>
   </div>
  </div>
 </body>
</html>
