<?xml version="1.0" encoding="UTF-8"?>
<!DOCTYPE html PUBLIC "-//W3C//DTD XHTML 1.0 Transitional//EN"
    "http://www.w3.org/TR/xhtml1/DTD/xhtml1-transitional.dtd">
<html xmlns="http://www.w3.org/1999/xhtml" xml:lang="en" lang="en">
 <head>
  <title>
</title>
<meta http-equiv="Content-Type" content="text/html;charset=utf-8" />
  <meta name='ocr-system' content='tesseract 3.04.00' />
  <meta name='ocr-capabilities' content='ocr_page ocr_carea ocr_par ocr_line ocrx_word'/>
</head>
<body>
  <div class='ocr_page' id='page_1' title='image "./corneliitacitia00gitlgoog_0243.png"; bbox 0 0 2467 3900; ppageno 0'>
   <div class='ocr_carea' id='block_1_1' title="bbox 714 249 2161 304">
    <p class='ocr_par' dir='ltr' id='par_1_1' title="bbox 714 249 2161 304">
     <span class='ocr_line' id='line_1_1' title="bbox 714 249 2161 304; baseline 0.009 -12"><span class='ocrx_word' id='word_1_1' title='bbox 714 253 788 292; x_wconf 75' lang='lat' dir='ltr'><strong>AB</strong></span> <span class='ocrx_word' id='word_1_2' title='bbox 815 253 1067 296; x_wconf 74' lang='lat' dir='ltr'><strong>nxcnssu</strong></span> <span class='ocrx_word' id='word_1_3' title='bbox 1093 256 1222 295; x_wconf 84' lang='lat' dir='ltr'><strong>D1v1</strong></span> <span class='ocrx_word' id='word_1_4' title='bbox 1247 257 1504 298; x_wconf 73' lang='lat' dir='ltr'><strong>Aneusm</strong></span> <span class='ocrx_word' id='word_1_5' title='bbox 1529 257 1593 296; x_wconf 86' lang='lat' dir='ltr'><strong>VI</strong></span> <span class='ocrx_word' id='word_1_6' title='bbox 1619 257 1784 299; x_wconf 81' lang='lat'><strong>19—22.</strong></span> <span class='ocrx_word' id='word_1_7' title='bbox 2052 249 2161 304; x_wconf 87' lang='lat'><strong>231</strong></span> 
     </span>
    </p>
   </div>
   <div class='ocr_carea' id='block_1_2' title="bbox 311 410 2263 3511">
    <p class='ocr_par' dir='ltr' id='par_1_2' title="bbox 343 410 2163 598">
     <span class='ocr_line' id='line_1_2' title="bbox 346 410 2163 499; baseline 0.002 -27"><span class='ocrx_word' id='word_1_8' title='bbox 346 410 720 494; x_wconf 88' lang='lat' dir='ltr'><strong>magistrum</strong></span> <span class='ocrx_word' id='word_1_9' title='bbox 752 411 1160 476; x_wconf 81' lang='lat' dir='ltr'><strong>Thrasullum</strong></span> <span class='ocrx_word' id='word_1_10' title='bbox 1200 413 1444 498; x_wconf 88' lang='lat' dir='ltr'><strong>habuit,</strong></span> <span class='ocrx_word' id='word_1_11' title='bbox 1488 414 1784 499; x_wconf 80' lang='lat' dir='ltr'>peritiam</span> <span class='ocrx_word' id='word_1_12' title='bbox 1815 414 1941 478; x_wconf 90' lang='lat' dir='ltr'><strong>hoc</strong></span> <span class='ocrx_word' id='word_1_13' title='bbox 1971 411 2163 478; x_wconf 91' lang='lat' dir='ltr'><strong>modo</strong></span> 
     </span>
     <span class='ocr_line' id='line_1_3' title="bbox 343 519 672 598; baseline 0 -20"><span class='ocrx_word' id='word_1_14' title='bbox 343 519 672 598; x_wconf 86' lang='lat' dir='ltr'><strong>expertus.</strong></span> 
     </span>
    </p>

    <p class='ocr_par' dir='ltr' id='par_1_3' title="bbox 319 617 2263 2576">
     <span class='ocr_line' id='line_1_4' title="bbox 465 617 2164 706; baseline 0.002 -26"><span class='ocrx_word' id='word_1_15' title='bbox 465 619 570 680; x_wconf 82' lang='lat'><strong>21.</strong></span> <span class='ocrx_word' id='word_1_16' title='bbox 618 617 934 692; x_wconf 80' lang='lat' dir='ltr'><strong>Quotiens</strong></span> <span class='ocrx_word' id='word_1_17' title='bbox 958 620 1224 705; x_wconf 90' lang='lat' dir='ltr'><strong>negotio</strong></span> <span class='ocrx_word' id='word_1_18' title='bbox 1260 623 1673 706; x_wconf 81' lang='lat' dir='ltr'><strong>consultaret,</strong></span> <span class='ocrx_word' id='word_1_19' title='bbox 1719 623 1933 688; x_wconf 86' lang='lat' dir='ltr'><strong>liberti</strong></span> <span class='ocrx_word' id='word_1_20' title='bbox 1977 621 2164 686; x_wconf 91' lang='lat' dir='ltr'><strong>unius</strong></span> 
     </span>
     <span class='ocr_line' id='line_1_5' title="bbox 344 721 2165 812; baseline 0.002 -26"><span class='ocrx_word' id='word_1_21' title='bbox 344 721 736 788; x_wconf 86' lang='lat' dir='ltr'><strong>conscientia</strong></span> <span class='ocrx_word' id='word_1_22' title='bbox 780 724 1101 788; x_wconf 80' lang='lat' dir='ltr'><strong>utebatur.</strong></span> <span class='ocrx_word' id='word_1_23' title='bbox 1193 726 1249 788; x_wconf 90' lang='lat' dir='ltr'><strong>is</strong></span> <span class='ocrx_word' id='word_1_24' title='bbox 1294 727 1652 792; x_wconf 86' lang='lat' dir='ltr'><strong>litterarum</strong></span> <span class='ocrx_word' id='word_1_25' title='bbox 1696 730 1977 812; x_wconf 85' lang='lat' dir='ltr'><strong>ignarus,</strong></span> <span class='ocrx_word' id='word_1_26' title='bbox 2024 747 2165 792; x_wconf 89' lang='lat' dir='ltr'><strong>cor-</strong></span> 
     </span>
     <span class='ocr_line' id='line_1_6' title="bbox 337 826 2164 915; baseline 0.003 -27"><span class='ocrx_word' id='word_1_27' title='bbox 337 845 496 909; x_wconf 92' lang='lat' dir='ltr'><strong>pore</strong></span> <span class='ocrx_word' id='word_1_28' title='bbox 528 826 766 908; x_wconf 90' lang='lat' dir='ltr'><strong>valido,</strong></span> <span class='ocrx_word' id='word_1_29' title='bbox 799 846 916 910; x_wconf 87' lang='lat' dir='ltr'><strong>per</strong></span> <span class='ocrx_word' id='word_1_30' title='bbox 945 827 1090 892; x_wconf 90' lang='lat' dir='ltr'><strong>avia</strong></span> <span class='ocrx_word' id='word_1_31' title='bbox 1119 849 1195 892; x_wconf 89' lang='lat' dir='ltr'><strong>ac</strong></span> <span class='ocrx_word' id='word_1_32' title='bbox 1227 829 1503 915; x_wconf 79' lang='lat' dir='ltr'><strong>derupta</strong></span> <span class='ocrx_word' id='word_1_33' title='bbox 1530 830 1706 914; x_wconf 90' lang='lat' dir='ltr'><strong>(nam</strong></span> <span class='ocrx_word' id='word_1_34' title='bbox 1730 833 1904 897; x_wconf 89' lang='lat' dir='ltr'><strong>saxis</strong></span> <span class='ocrx_word' id='word_1_35' title='bbox 1937 831 2164 896; x_wconf 90' lang='lat' dir='ltr'><strong>domus</strong></span> 
     </span>
     <span class='ocr_line' id='line_1_7' title="bbox 335 927 2160 1024; baseline 0.004 -32"><span class='ocrx_word' id='word_1_36' title='bbox 335 927 651 1010; x_wconf 84' lang='lat' dir='ltr'><strong>imminet)</strong></span> <span class='ocrx_word' id='word_1_37' title='bbox 699 930 990 1014; x_wconf 83' lang='lat' dir='ltr'><strong>praeibat</strong></span> <span class='ocrx_word' id='word_1_38' title='bbox 1037 953 1204 1024; x_wconf 86' lang='lat' dir='ltr'><strong>eum,</strong></span> <span class='ocrx_word' id='word_1_39' title='bbox 1254 933 1431 997; x_wconf 90' lang='lat' dir='ltr'><strong>cuius</strong></span> <span class='ocrx_word' id='word_1_40' title='bbox 1477 941 1682 1000; x_wconf 89' lang='lat' dir='ltr'><strong>artem</strong></span> <span class='ocrx_word' id='word_1_41' title='bbox 1728 937 2011 1021; x_wconf 86' lang='lat' dir='ltr'><strong>experiri</strong></span> <span class='ocrx_word' id='word_1_42' title='bbox 2054 936 2160 1000; x_wconf 86' lang='lat' dir='ltr'><strong>Ti-</strong></span> 
     </span>
     <span class='ocr_line' id='line_1_8' title="bbox 331 1033 2203 1122; baseline 0.004 -25"><span class='ocrx_word' id='word_1_43' title='bbox 331 1033 546 1098; x_wconf 88' lang='lat' dir='ltr'><strong>berius</strong></span> <span class='ocrx_word' id='word_1_44' title='bbox 617 1034 976 1118; x_wconf 79' lang='lat' dir='ltr'><strong>statuisset,</strong></span> <span class='ocrx_word' id='word_1_45' title='bbox 1044 1042 1110 1100; x_wconf 89' lang='lat' dir='ltr'><strong>et</strong></span> <span class='ocrx_word' id='word_1_46' title='bbox 1162 1037 1676 1122; x_wconf 85' lang='lat' dir='ltr'><strong>regredientem,</strong></span> <span class='ocrx_word' id='word_1_47' title='bbox 1750 1041 1805 1104; x_wconf 90' lang='lat' dir='ltr'><strong>si</strong></span> <span class='ocrx_word' id='word_1_48' title='bbox 1863 1042 2160 1106; x_wconf 83' lang='lat' dir='ltr'><strong>vanitatis</strong></span> <span class='ocrx_word' id='word_1_49' title='bbox 2180 1061 2203 1097; x_wconf 80' lang='lat'><strong>5</strong></span> 
     </span>
     <span class='ocr_line' id='line_1_9' title="bbox 334 1136 2159 1225; baseline 0.005 -25"><span class='ocrx_word' id='word_1_50' title='bbox 334 1143 444 1201; x_wconf 87' lang='lat' dir='ltr'><strong>aut</strong></span> <span class='ocrx_word' id='word_1_51' title='bbox 473 1136 771 1202; x_wconf 85' lang='lat' dir='ltr'><strong>fraudum</strong></span> <span class='ocrx_word' id='word_1_52' title='bbox 794 1140 1074 1225; x_wconf 89' lang='lat' dir='ltr'><strong>suspicio</strong></span> <span class='ocrx_word' id='word_1_53' title='bbox 1105 1141 1477 1219; x_wconf 81' lang='lat' dir='ltr'><strong>incesserat,</strong></span> <span class='ocrx_word' id='word_1_54' title='bbox 1509 1144 1577 1207; x_wconf 91' lang='lat' dir='ltr'><strong>in</strong></span> <span class='ocrx_word' id='word_1_55' title='bbox 1599 1144 1957 1208; x_wconf 90' lang='lat' dir='ltr'><strong>subiectum</strong></span> <span class='ocrx_word' id='word_1_56' title='bbox 1983 1166 2159 1209; x_wconf 88' lang='lat' dir='ltr'><strong>mare</strong></span> 
     </span>
     <span class='ocr_line' id='line_1_10' title="bbox 334 1243 2156 1330; baseline 0.002 -24"><span class='ocrx_word' id='word_1_57' title='bbox 334 1243 815 1328; x_wconf 81' lang='lat' dir='ltr'><strong>praecipitabat,</strong></span> <span class='ocrx_word' id='word_1_58' title='bbox 860 1266 942 1310; x_wconf 90' lang='lat' dir='ltr'><strong>ne</strong></span> <span class='ocrx_word' id='word_1_59' title='bbox 994 1245 1196 1310; x_wconf 91' lang='lat' dir='ltr'><strong>index</strong></span> <span class='ocrx_word' id='word_1_60' title='bbox 1240 1248 1458 1312; x_wconf 88' lang='lat' dir='ltr'><strong>arcani</strong></span> <span class='ocrx_word' id='word_1_61' title='bbox 1502 1248 1869 1313; x_wconf 85' lang='lat' dir='ltr'><strong>exsisteret.</strong></span> <span class='ocrx_word' id='word_1_62' title='bbox 1960 1247 2156 1330; x_wconf 89' lang='lat' dir='ltr'><strong>igitur</strong></span> 
     </span>
     <span class='ocr_line' id='line_1_11' title="bbox 330 1346 2153 1437; baseline 0.003 -27"><span class='ocrx_word' id='word_1_63' title='bbox 330 1346 698 1412; x_wconf 81' lang='lat' dir='ltr'><strong>Thrasullus</strong></span> <span class='ocrx_word' id='word_1_64' title='bbox 728 1347 938 1412; x_wconf 87' lang='lat' dir='ltr'><strong>isdem</strong></span> <span class='ocrx_word' id='word_1_65' title='bbox 965 1349 1229 1433; x_wconf 88' lang='lat' dir='ltr'><strong>rupibus</strong></span> <span class='ocrx_word' id='word_1_66' title='bbox 1260 1350 1577 1434; x_wconf 90' lang='lat' dir='ltr'><strong>inductus,</strong></span> <span class='ocrx_word' id='word_1_67' title='bbox 1626 1357 1965 1436; x_wconf 88' lang='lat' dir='ltr'><strong>postquam</strong></span> <span class='ocrx_word' id='word_1_68' title='bbox 2002 1374 2153 1437; x_wconf 92' lang='lat' dir='ltr'><strong>per-</strong></span> 
     </span>
     <span class='ocr_line' id='line_1_12' title="bbox 334 1453 2158 1539; baseline 0.002 -23"><span class='ocrx_word' id='word_1_69' title='bbox 334 1457 704 1516; x_wconf 89' lang='lat' dir='ltr'><strong>contantem</strong></span> <span class='ocrx_word' id='word_1_70' title='bbox 765 1460 1204 1518; x_wconf 86' lang='lat' dir='ltr'><strong>commoverat</strong></span> <span class='ocrx_word' id='word_1_71' title='bbox 1261 1453 1603 1537; x_wconf 90' lang='lat' dir='ltr'><strong>imperium</strong></span> <span class='ocrx_word' id='word_1_72' title='bbox 1657 1455 1781 1539; x_wconf 91' lang='lat' dir='ltr'><strong>ipsi</strong></span> <span class='ocrx_word' id='word_1_73' title='bbox 1836 1460 1902 1519; x_wconf 89' lang='lat' dir='ltr'><strong>et</strong></span> <span class='ocrx_word' id='word_1_74' title='bbox 1946 1455 2158 1520; x_wconf 89' lang='lat' dir='ltr'><strong>futura</strong></span> 
     </span>
     <span class='ocr_line' id='line_1_13' title="bbox 331 1556 2225 1643; baseline 0.002 -25"><span class='ocrx_word' id='word_1_75' title='bbox 331 1556 629 1621; x_wconf 86' lang='lat' dir='ltr'><strong>sollerter</strong></span> <span class='ocrx_word' id='word_1_76' title='bbox 660 1556 1073 1641; x_wconf 84' lang='lat' dir='ltr'><strong>patefaciens,</strong></span> <span class='ocrx_word' id='word_1_77' title='bbox 1107 1557 1545 1642; x_wconf 87' lang='lat' dir='ltr'><strong>interrogatur</strong></span> <span class='ocrx_word' id='word_1_78' title='bbox 1574 1579 1655 1622; x_wconf 90' lang='lat' dir='ltr'><strong>an</strong></span> <span class='ocrx_word' id='word_1_79' title='bbox 1689 1580 1870 1625; x_wconf 84' lang='lat' dir='ltr'><strong>suam</strong></span> <span class='ocrx_word' id='word_1_80' title='bbox 1900 1579 2156 1643; x_wconf 88' lang='lat' dir='ltr'><strong>quoque</strong></span> <span class='ocrx_word' id='word_1_81' title='bbox 2175 1579 2225 1617; x_wconf 92' lang='lat'><strong>10</strong></span> 
     </span>
     <span class='ocr_line' id='line_1_14' title="bbox 331 1660 2155 1747; baseline 0.002 -24"><span class='ocrx_word' id='word_1_82' title='bbox 331 1660 683 1745; x_wconf 86' lang='lat' dir='ltr'><strong>genitalem</strong></span> <span class='ocrx_word' id='word_1_83' title='bbox 726 1661 954 1725; x_wconf 89' lang='lat' dir='ltr'><strong>horam</strong></span> <span class='ocrx_word' id='word_1_84' title='bbox 999 1663 1445 1746; x_wconf 89' lang='lat' dir='ltr'><strong>comperisset,</strong></span> <span class='ocrx_word' id='word_1_85' title='bbox 1491 1683 1684 1747; x_wconf 91' lang='lat' dir='ltr'><strong>quem</strong></span> <span class='ocrx_word' id='word_1_86' title='bbox 1730 1669 1867 1726; x_wconf 89' lang='lat' dir='ltr'><strong>tum</strong></span> <span class='ocrx_word' id='word_1_87' title='bbox 1897 1684 2155 1745; x_wconf 89' lang='lat' dir='ltr'><strong>annum,</strong></span> 
     </span>
     <span class='ocr_line' id='line_1_15' title="bbox 330 1763 2155 1850; baseline 0.002 -22"><span class='ocrx_word' id='word_1_88' title='bbox 330 1764 586 1848; x_wconf 90' lang='lat' dir='ltr'><strong>qualem</strong></span> <span class='ocrx_word' id='word_1_89' title='bbox 646 1763 818 1828; x_wconf 89' lang='lat' dir='ltr'><strong>diem</strong></span> <span class='ocrx_word' id='word_1_90' title='bbox 880 1765 1170 1830; x_wconf 86' lang='lat' dir='ltr'><strong>haberet.</strong></span> <span class='ocrx_word' id='word_1_91' title='bbox 1262 1766 1373 1829; x_wconf 90' lang='lat' dir='ltr'><strong>ille</strong></span> <span class='ocrx_word' id='word_1_92' title='bbox 1430 1767 1681 1850; x_wconf 90' lang='lat' dir='ltr'><strong>positus</strong></span> <span class='ocrx_word' id='word_1_93' title='bbox 1740 1767 2021 1831; x_wconf 89' lang='lat' dir='ltr'><strong>siderum</strong></span> <span class='ocrx_word' id='word_1_94' title='bbox 2081 1789 2155 1831; x_wconf 88' lang='lat' dir='ltr'><strong>ac</strong></span> 
     </span>
     <span class='ocr_line' id='line_1_16' title="bbox 331 1867 2156 1956; baseline 0.003 -26"><span class='ocrx_word' id='word_1_95' title='bbox 331 1867 539 1953; x_wconf 88' lang='lat' dir='ltr'><strong>spatia</strong></span> <span class='ocrx_word' id='word_1_96' title='bbox 585 1867 910 1933; x_wconf 87' lang='lat' dir='ltr'><strong>dimensus</strong></span> <span class='ocrx_word' id='word_1_97' title='bbox 967 1869 1239 1935; x_wconf 90' lang='lat' dir='ltr'><strong>haerere</strong></span> <span class='ocrx_word' id='word_1_98' title='bbox 1297 1871 1541 1955; x_wconf 89' lang='lat' dir='ltr'><strong>primo,</strong></span> <span class='ocrx_word' id='word_1_99' title='bbox 1599 1868 1750 1935; x_wconf 89' lang='lat' dir='ltr'><strong>dein</strong></span> <span class='ocrx_word' id='word_1_100' title='bbox 1807 1891 2156 1956; x_wconf 81' lang='lat' dir='ltr'><strong>pavescere</strong></span> 
     </span>
     <span class='ocr_line' id='line_1_17' title="bbox 333 1974 2155 2061; baseline 0 -22"><span class='ocrx_word' id='word_1_101' title='bbox 333 1979 417 2056; x_wconf 87' lang='lat' dir='ltr'><strong>et,</strong></span> <span class='ocrx_word' id='word_1_102' title='bbox 450 1981 760 2058; x_wconf 90' lang='lat' dir='ltr'><strong>quantum</strong></span> <span class='ocrx_word' id='word_1_103' title='bbox 789 1975 1265 2059; x_wconf 67' lang='lat' dir='ltr'><strong>introspiceret,</strong></span> <span class='ocrx_word' id='word_1_104' title='bbox 1295 1976 1503 2058; x_wconf 89' lang='lat' dir='ltr'><strong>magis</strong></span> <span class='ocrx_word' id='word_1_105' title='bbox 1535 1996 1611 2039; x_wconf 87' lang='lat' dir='ltr'><strong>ac</strong></span> <span class='ocrx_word' id='word_1_106' title='bbox 1638 1974 1844 2058; x_wconf 88' lang='lat' dir='ltr'><strong>magis</strong></span> <span class='ocrx_word' id='word_1_107' title='bbox 1868 1976 2155 2061; x_wconf 89' lang='lat' dir='ltr'><strong>trepidus</strong></span> 
     </span>
     <span class='ocr_line' id='line_1_18' title="bbox 331 2076 2263 2163; baseline 0.002 -23"><span class='ocrx_word' id='word_1_108' title='bbox 331 2076 772 2141; x_wconf 87' lang='lat' dir='ltr'><strong>admirationis</strong></span> <span class='ocrx_word' id='word_1_109' title='bbox 819 2084 884 2142; x_wconf 90' lang='lat' dir='ltr'><strong>et</strong></span> <span class='ocrx_word' id='word_1_110' title='bbox 929 2084 1156 2160; x_wconf 89' lang='lat' dir='ltr'><strong>metus,</strong></span> <span class='ocrx_word' id='word_1_111' title='bbox 1211 2084 1540 2163; x_wconf 87' lang='lat' dir='ltr'><strong>postremo</strong></span> <span class='ocrx_word' id='word_1_112' title='bbox 1590 2079 1910 2144; x_wconf 85' lang='lat' dir='ltr'><strong>exclamat</strong></span> <span class='ocrx_word' id='word_1_113' title='bbox 1953 2079 2153 2143; x_wconf 88' lang='lat' dir='ltr'><strong>ambi·</strong></span> <span class='ocrx_word' id='word_1_114' title='bbox 2176 2104 2223 2142; x_wconf 85' lang='lat'><strong>15</strong></span> <span class='ocrx_word' id='word_1_115' title='bbox 2257 2079 2263 2085; x_wconf 82' lang='grc'><strong>’</strong></span> 
     </span>
     <span class='ocr_line' id='line_1_19' title="bbox 327 2174 2152 2266; baseline 0.002 -23"><span class='ocrx_word' id='word_1_116' title='bbox 327 2200 525 2264; x_wconf 87' lang='lat' dir='ltr'><strong>guum</strong></span> <span class='ocrx_word' id='word_1_117' title='bbox 583 2180 704 2245; x_wconf 90' lang='lat' dir='ltr'><strong>sibi</strong></span> <span class='ocrx_word' id='word_1_118' title='bbox 767 2201 841 2243; x_wconf 89' lang='lat' dir='ltr'><strong>ac</strong></span> <span class='ocrx_word' id='word_1_119' title='bbox 900 2202 1106 2266; x_wconf 92' lang='lat' dir='ltr'><strong>prope</strong></span> <span class='ocrx_word' id='word_1_120' title='bbox 1163 2184 1463 2247; x_wconf 91' lang='lat' dir='ltr'><strong>ultimum</strong></span> <span class='ocrx_word' id='word_1_121' title='bbox 1508 2182 1852 2247; x_wconf 89' lang='lat' dir='ltr'><strong>discrimen</strong></span> <span class='ocrx_word' id='word_1_122' title='bbox 1895 2174 2152 2247; x_wconf 88' lang='lat' dir='ltr'><strong>instare.</strong></span> 
     </span>
     <span class='ocr_line' id='line_1_20' title="bbox 321 2284 2153 2371; baseline 0.003 -25"><span class='ocrx_word' id='word_1_123' title='bbox 321 2289 460 2347; x_wconf 91' lang='lat' dir='ltr'><strong>tum</strong></span> <span class='ocrx_word' id='word_1_124' title='bbox 519 2284 897 2369; x_wconf 90' lang='lat' dir='ltr'><strong>complexus</strong></span> <span class='ocrx_word' id='word_1_125' title='bbox 949 2284 1246 2350; x_wconf 87' lang='lat' dir='ltr'><strong>Tiberius</strong></span> <span class='ocrx_word' id='word_1_126' title='bbox 1304 2287 1663 2371; x_wconf 89' lang='lat' dir='ltr'><strong>praescium</strong></span> <span class='ocrx_word' id='word_1_127' title='bbox 1720 2286 2153 2370; x_wconf 89' lang='lat' dir='ltr'><strong>periculorum</strong></span> 
     </span>
     <span class='ocr_line' id='line_1_21' title="bbox 321 2387 2153 2475; baseline -0.001 -24"><span class='ocrx_word' id='word_1_128' title='bbox 321 2388 715 2453; x_wconf 89' lang='lat' dir='ltr'><strong>incolumem</strong></span> <span class='ocrx_word' id='word_1_129' title='bbox 759 2387 900 2451; x_wconf 84' lang='lat' dir='ltr'><strong>fore</strong></span> <span class='ocrx_word' id='word_1_130' title='bbox 946 2394 1238 2471; x_wconf 85' lang='lat' dir='ltr'><strong>gratatur</strong></span> <span class='ocrx_word' id='word_1_131' title='bbox 1295 2411 1590 2475; x_wconf 88' lang='lat' dir='ltr'><strong>quaeque</strong></span> <span class='ocrx_word' id='word_1_132' title='bbox 1642 2390 1897 2455; x_wconf 86' lang='lat' dir='ltr'><strong>dixerat</strong></span> <span class='ocrx_word' id='word_1_133' title='bbox 1957 2387 2153 2455; x_wconf 90' lang='lat' dir='ltr'><strong>oracli</strong></span> 
     </span>
     <span class='ocr_line' id='line_1_22' title="bbox 319 2491 1992 2576; baseline 0 -21"><span class='ocrx_word' id='word_1_134' title='bbox 319 2491 462 2555; x_wconf 88' lang='lat' dir='ltr'><strong>vice</strong></span> <span class='ocrx_word' id='word_1_135' title='bbox 507 2491 828 2576; x_wconf 87' lang='lat' dir='ltr'><strong>accipiens</strong></span> <span class='ocrx_word' id='word_1_136' title='bbox 873 2493 1042 2557; x_wconf 89' lang='lat' dir='ltr'><strong>inter</strong></span> <span class='ocrx_word' id='word_1_137' title='bbox 1084 2492 1345 2555; x_wconf 89' lang='lat' dir='ltr'><strong>intimos</strong></span> <span class='ocrx_word' id='word_1_138' title='bbox 1390 2493 1746 2559; x_wconf 90' lang='lat' dir='ltr'><strong>amicorum</strong></span> <span class='ocrx_word' id='word_1_139' title='bbox 1792 2499 1992 2559; x_wconf 85' lang='lat' dir='ltr'><strong>tenet.</strong></span> 
     </span>
    </p>

    <p class='ocr_par' dir='ltr' id='par_1_4' title="bbox 311 2595 2187 3511">
     <span class='ocr_line' id='line_1_23' title="bbox 449 2595 2149 2663; baseline 0.002 -4"><span class='ocrx_word' id='word_1_140' title='bbox 449 2597 553 2661; x_wconf 84' lang='lat'><strong>22.</strong></span> <span class='ocrx_word' id='word_1_141' title='bbox 623 2597 754 2662; x_wconf 83' lang='lat' dir='ltr'><strong>Sed</strong></span> <span class='ocrx_word' id='word_1_142' title='bbox 784 2596 942 2660; x_wconf 92' lang='lat' dir='ltr'><strong>mihi</strong></span> <span class='ocrx_word' id='word_1_143' title='bbox 971 2598 1135 2662; x_wconf 87' lang='lat' dir='ltr'><strong>haec</strong></span> <span class='ocrx_word' id='word_1_144' title='bbox 1178 2617 1253 2661; x_wconf 86' lang='lat' dir='ltr'><strong>ac</strong></span> <span class='ocrx_word' id='word_1_145' title='bbox 1297 2597 1454 2663; x_wconf 92' lang='lat' dir='ltr'><strong>talia</strong></span> <span class='ocrx_word' id='word_1_146' title='bbox 1482 2595 1771 2662; x_wconf 89' lang='lat' dir='ltr'><strong>audienti</strong></span> <span class='ocrx_word' id='word_1_147' title='bbox 1806 2600 1872 2663; x_wconf 92' lang='lat' dir='ltr'><strong>in</strong></span> <span class='ocrx_word' id='word_1_148' title='bbox 1901 2598 2149 2662; x_wconf 89' lang='lat' dir='ltr'><strong>incerto</strong></span> 
     </span>
     <span class='ocr_line' id='line_1_24' title="bbox 316 2692 2145 2783; baseline 0.001 -20"><span class='ocrx_word' id='word_1_149' title='bbox 316 2699 646 2783; x_wconf 89' lang='lat' dir='ltr'><strong>iudicium,</strong></span> <span class='ocrx_word' id='word_1_150' title='bbox 691 2699 910 2765; x_wconf 86' lang='lat' dir='ltr'><strong>fatone</strong></span> <span class='ocrx_word' id='word_1_151' title='bbox 957 2720 1060 2763; x_wconf 91' lang='lat' dir='ltr'><strong>res</strong></span> <span class='ocrx_word' id='word_1_152' title='bbox 1088 2700 1462 2767; x_wconf 90' lang='lat' dir='ltr'><strong>mortalium</strong></span> <span class='ocrx_word' id='word_1_153' title='bbox 1496 2707 1561 2765; x_wconf 87' lang='lat' dir='ltr'><strong>et</strong></span> <span class='ocrx_word' id='word_1_154' title='bbox 1588 2692 1975 2767; x_wconf 55' lang='lat' dir='ltr'><strong>necessitate</strong></span> <span class='ocrx_word' id='word_1_155' title='bbox 2022 2703 2145 2765; x_wconf 89' lang='lat' dir='ltr'><strong>im-</strong></span> 
     </span>
     <span class='ocr_line' id='line_1_25' title="bbox 318 2803 2145 2890; baseline 0.002 -25"><span class='ocrx_word' id='word_1_156' title='bbox 318 2804 612 2869; x_wconf 86' lang='lat' dir='ltr'><strong>mutabili</strong></span> <span class='ocrx_word' id='word_1_157' title='bbox 643 2824 724 2867; x_wconf 90' lang='lat' dir='ltr'><strong>an</strong></span> <span class='ocrx_word' id='word_1_158' title='bbox 753 2803 922 2869; x_wconf 84' lang='lat' dir='ltr'><strong>forte</strong></span> <span class='ocrx_word' id='word_1_159' title='bbox 944 2804 1307 2870; x_wconf 83' lang='lat' dir='ltr'><strong>volvantur.</strong></span> <span class='ocrx_word' id='word_1_160' title='bbox 1369 2804 1609 2889; x_wconf 90' lang='lat' dir='ltr'><strong>quippe</strong></span> <span class='ocrx_word' id='word_1_161' title='bbox 1634 2806 2145 2890; x_wconf 85' lang='lat' dir='ltr'><strong>sapientissimos</strong></span> 
     </span>
     <span class='ocr_line' id='line_1_26' title="bbox 317 2907 2144 2991; baseline -0.001 -18"><span class='ocrx_word' id='word_1_162' title='bbox 317 2912 616 2975; x_wconf 89' lang='lat' dir='ltr'><strong>veterum</strong></span> <span class='ocrx_word' id='word_1_163' title='bbox 643 2907 881 2991; x_wconf 91' lang='lat' dir='ltr'><strong>quique</strong></span> <span class='ocrx_word' id='word_1_164' title='bbox 913 2913 1154 2973; x_wconf 90' lang='lat' dir='ltr'><strong>sectam</strong></span> <span class='ocrx_word' id='word_1_165' title='bbox 1178 2928 1403 2972; x_wconf 91' lang='lat' dir='ltr'><strong>eorum</strong></span> <span class='ocrx_word' id='word_1_166' title='bbox 1424 2908 1829 2973; x_wconf 87' lang='lat' dir='ltr'><strong>aemulantur</strong></span> <span class='ocrx_word' id='word_1_167' title='bbox 1854 2910 2144 2973; x_wconf 88' lang='lat' dir='ltr'><strong>diversos</strong></span> 
     </span>
     <span class='ocr_line' id='line_1_27' title="bbox 313 3010 2187 3096; baseline 0 -22"><span class='ocrx_word' id='word_1_168' title='bbox 313 3012 603 3096; x_wconf 87' lang='lat' dir='ltr'><strong>reperies</strong></span> <span class='ocrx_word' id='word_1_169' title='bbox 661 3033 736 3076; x_wconf 90' lang='lat' dir='ltr'><strong>ac</strong></span> <span class='ocrx_word' id='word_1_170' title='bbox 794 3012 1010 3077; x_wconf 89' lang='lat' dir='ltr'><strong>multis</strong></span> <span class='ocrx_word' id='word_1_171' title='bbox 1063 3012 1321 3077; x_wconf 88' lang='lat' dir='ltr'><strong>insitam</strong></span> <span class='ocrx_word' id='word_1_172' title='bbox 1367 3012 1740 3096; x_wconf 90' lang='lat' dir='ltr'><strong>opinionem</strong></span> <span class='ocrx_word' id='word_1_173' title='bbox 1786 3034 1920 3077; x_wconf 92' lang='lat' dir='ltr'><strong>non</strong></span> <span class='ocrx_word' id='word_1_174' title='bbox 1962 3010 2143 3075; x_wconf 90' lang='lat' dir='ltr'><strong>initia</strong></span> <span class='ocrx_word' id='word_1_175' title='bbox 2164 3036 2187 3073; x_wconf 84' lang='lat'>5</span> 
     </span>
     <span class='ocr_line' id='line_1_28' title="bbox 313 3114 2139 3200; baseline -0.001 -21"><span class='ocrx_word' id='word_1_176' title='bbox 313 3116 538 3199; x_wconf 88' lang='lat' dir='ltr'><strong>nostri,</strong></span> <span class='ocrx_word' id='word_1_177' title='bbox 577 3138 709 3181; x_wconf 90' lang='lat' dir='ltr'><strong>non</strong></span> <span class='ocrx_word' id='word_1_178' title='bbox 737 3116 952 3199; x_wconf 88' lang='lat' dir='ltr'><strong>finem,</strong></span> <span class='ocrx_word' id='word_1_179' title='bbox 981 3138 1114 3181; x_wconf 92' lang='lat' dir='ltr'><strong>non</strong></span> <span class='ocrx_word' id='word_1_180' title='bbox 1145 3114 1424 3200; x_wconf 89' lang='lat' dir='ltr'><strong>denique</strong></span> <span class='ocrx_word' id='word_1_181' title='bbox 1455 3115 1753 3181; x_wconf 90' lang='lat' dir='ltr'><strong>homines</strong></span> <span class='ocrx_word' id='word_1_182' title='bbox 1788 3116 1885 3179; x_wconf 88' lang='lat' dir='ltr'><strong>dis</strong></span> <span class='ocrx_word' id='word_1_183' title='bbox 1915 3135 2139 3193; x_wconf 88' lang='lat' dir='ltr'><strong>curae;</strong></span> 
     </span>
     <span class='ocr_line' id='line_1_29' title="bbox 313 3217 2139 3303; baseline 0.002 -22"><span class='ocrx_word' id='word_1_184' title='bbox 313 3219 462 3285; x_wconf 90' lang='lat' dir='ltr'><strong>ideo</strong></span> <span class='ocrx_word' id='word_1_185' title='bbox 511 3218 898 3285; x_wconf 87' lang='lat' dir='ltr'><strong>creberrime</strong></span> <span class='ocrx_word' id='word_1_186' title='bbox 943 3219 1149 3283; x_wconf 88' lang='lat' dir='ltr'><strong>tristia</strong></span> <span class='ocrx_word' id='word_1_187' title='bbox 1177 3220 1245 3284; x_wconf 90' lang='lat' dir='ltr'><strong>in</strong></span> <span class='ocrx_word' id='word_1_188' title='bbox 1275 3220 1501 3302; x_wconf 93' lang='lat' dir='ltr'><strong>bonos,</strong></span> <span class='ocrx_word' id='word_1_189' title='bbox 1548 3219 1722 3284; x_wconf 89' lang='lat' dir='ltr'><strong>laeta</strong></span> <span class='ocrx_word' id='word_1_190' title='bbox 1757 3218 1927 3303; x_wconf 91' lang='lat' dir='ltr'><strong>apud</strong></span> <span class='ocrx_word' id='word_1_191' title='bbox 1960 3217 2139 3285; x_wconf 88' lang='lat' dir='ltr'><strong>dete·</strong></span> 
     </span>
     <span class='ocr_line' id='line_1_30' title="bbox 311 3321 2138 3409; baseline 0 -22"><span class='ocrx_word' id='word_1_192' title='bbox 311 3323 533 3387; x_wconf 87' lang='lat' dir='ltr'><strong>riores.</strong></span> <span class='ocrx_word' id='word_1_193' title='bbox 595 3328 821 3388; x_wconf 87' lang='lat' dir='ltr'><strong>contra</strong></span> <span class='ocrx_word' id='word_1_194' title='bbox 852 3322 964 3387; x_wconf 89' lang='lat' dir='ltr'><strong>alii</strong></span> <span class='ocrx_word' id='word_1_195' title='bbox 1007 3322 1209 3387; x_wconf 86' lang='lat' dir='ltr'><strong>fatum</strong></span> <span class='ocrx_word' id='word_1_196' title='bbox 1241 3321 1506 3409; x_wconf 87' lang='lat' dir='ltr'><strong>quidem</strong></span> <span class='ocrx_word' id='word_1_197' title='bbox 1542 3342 1897 3405; x_wconf 88' lang='lat' dir='ltr'><strong>congruere</strong></span> <span class='ocrx_word' id='word_1_198' title='bbox 1944 3324 2138 3387; x_wconf 88' lang='lat' dir='ltr'><strong>rebus</strong></span> 
     </span>
     <span class='ocr_line' id='line_1_31' title="bbox 313 3419 2136 3511; baseline 0 -20"><span class='ocrx_word' id='word_1_199' title='bbox 313 3433 540 3511; x_wconf 89' lang='lat' dir='ltr'><strong>putant</strong></span> <span class='ocrx_word' id='word_1_200' title='bbox 585 3425 699 3491; x_wconf 93' lang='lat' dir='ltr'><strong>sed</strong></span> <span class='ocrx_word' id='word_1_201' title='bbox 745 3419 890 3491; x_wconf 75' lang='lat' dir='ltr'><strong>non&#39;</strong></span> <span class='ocrx_word' id='word_1_202' title='bbox 923 3446 960 3489; x_wconf 97' lang='lat' dir='ltr'><strong>e</strong></span> <span class='ocrx_word' id='word_1_203' title='bbox 991 3427 1172 3509; x_wconf 86' lang='lat' dir='ltr'><strong>vagis</strong></span> <span class='ocrx_word' id='word_1_204' title='bbox 1203 3426 1427 3507; x_wconf 88' lang='lat' dir='ltr'><strong>stellis,</strong></span> <span class='ocrx_word' id='word_1_205' title='bbox 1473 3446 1700 3491; x_wconf 88' lang='lat' dir='ltr'><strong>verum</strong></span> <span class='ocrx_word' id='word_1_206' title='bbox 1744 3427 1915 3511; x_wconf 91' lang='lat' dir='ltr'><strong>apud</strong></span> <span class='ocrx_word' id='word_1_207' title='bbox 1962 3426 2136 3510; x_wconf 89' lang='lat' dir='ltr'><strong>prin-</strong></span> 
     </span>
    </p>
   </div>
  </div>
 </body>
</html>
