<?xml version="1.0" encoding="UTF-8"?>
<!DOCTYPE html PUBLIC "-//W3C//DTD XHTML 1.0 Transitional//EN"
    "http://www.w3.org/TR/xhtml1/DTD/xhtml1-transitional.dtd">
<html xmlns="http://www.w3.org/1999/xhtml" xml:lang="en" lang="en">
 <head>
  <title>
</title>
<meta http-equiv="Content-Type" content="text/html;charset=utf-8" />
  <meta name='ocr-system' content='tesseract 3.04.00' />
  <meta name='ocr-capabilities' content='ocr_page ocr_carea ocr_par ocr_line ocrx_word'/>
</head>
<body>
  <div class='ocr_page' id='page_1' title='image "./corneliitacitia00gitlgoog_0245.png"; bbox 0 0 2467 3900; ppageno 0'>
   <div class='ocr_carea' id='block_1_1' title="bbox 655 262 2100 318">
    <p class='ocr_par' dir='ltr' id='par_1_1' title="bbox 655 262 2100 328">
     <span class='ocr_line' id='line_1_1' title="bbox 655 262 2100 318; baseline 0.002 -12"><span class='ocrx_word' id='word_1_1' title='bbox 655 267 732 306; x_wconf 84' lang='lat' dir='ltr'>AB</span> <span class='ocrx_word' id='word_1_2' title='bbox 758 267 1010 308; x_wconf 82' lang='lat' dir='ltr'>EXOESSU</span> <span class='ocrx_word' id='word_1_3' title='bbox 1035 268 1166 308; x_wconf 86' lang='lat' dir='ltr'>DIVI</span> <span class='ocrx_word' id='word_1_4' title='bbox 1189 267 1446 308; x_wconf 78' lang='lat' dir='ltr'>AUGUSTI</span> <span class='ocrx_word' id='word_1_5' title='bbox 1472 267 1535 306; x_wconf 85' lang='lat' dir='ltr'>VI</span> <span class='ocrx_word' id='word_1_6' title='bbox 1562 268 1728 308; x_wconf 80' lang='lat'>22-25,</span> <span class='ocrx_word' id='word_1_7' title='bbox 1987 262 2100 318; x_wconf 82' lang='grc'>233</span> 
     </span>
    </p>
   </div>
   <div class='ocr_carea' id='block_1_2' title="bbox 201 423 2185 3526">
    <p class='ocr_par' dir='ltr' id='par_1_2' title="bbox 278 423 2099 593">
     <span class='ocr_line' id='line_1_2' title="bbox 286 423 2099 508; baseline 0.001 -21"><span class='ocrx_word' id='word_1_8' title='bbox 286 423 740 493; x_wconf 72' lang='lat' dir='ltr'>conciliaretur,</span> <span class='ocrx_word' id='word_1_9' title='bbox 765 424 1022 507; x_wconf 81' lang='lat' dir='ltr'>Caesar,</span> <span class='ocrx_word' id='word_1_10' title='bbox 1053 425 1385 489; x_wconf 84' lang='lat' dir='ltr'>saevitiam</span> <span class='ocrx_word' id='word_1_11' title='bbox 1417 445 1608 508; x_wconf 91' lang='lat' dir='ltr'>quam</span> <span class='ocrx_word' id='word_1_12' title='bbox 1640 426 2099 508; x_wconf 86' lang='lat' dir='ltr'>paenitentiam</span> 
     </span>
     <span class='ocr_line' id='line_1_3' title="bbox 278 529 563 593; baseline 0.004 -1"><span class='ocrx_word' id='word_1_13' title='bbox 278 529 524 593; x_wconf 82' lang='lat' dir='ltr'>maluit.</span> <span class='ocrx_word' id='word_1_14' title='bbox 553 559 563 573; x_wconf 38' lang='grc' dir='ltr'><strong>ν</strong></span> 
     </span>
    </p>

    <p class='ocr_par' dir='ltr' id='par_1_3' title="bbox 279 632 2177 1858">
     <span class='ocr_line' id='line_1_4' title="bbox 413 632 2100 708; baseline 0 -12"><span class='ocrx_word' id='word_1_15' title='bbox 413 634 516 698; x_wconf 86' lang='grc'>24.</span> <span class='ocrx_word' id='word_1_16' title='bbox 583 633 752 708; x_wconf 79' lang='lat' dir='ltr'>Quin</span> <span class='ocrx_word' id='word_1_17' title='bbox 783 640 849 698; x_wconf 93' lang='lat' dir='ltr'>et</span> <span class='ocrx_word' id='word_1_18' title='bbox 878 633 1170 698; x_wconf 87' lang='lat' dir='ltr'>invectus</span> <span class='ocrx_word' id='word_1_19' title='bbox 1199 633 1267 696; x_wconf 90' lang='lat' dir='ltr'>in</span> <span class='ocrx_word' id='word_1_20' title='bbox 1300 632 1671 696; x_wconf 86' lang='lat' dir='ltr'>defunctum</span> <span class='ocrx_word' id='word_1_21' title='bbox 1702 633 2100 697; x_wconf 79' lang='lat' dir='ltr'>exitiabilem</span> 
     </span>
     <span class='ocr_line' id='line_1_5' title="bbox 279 736 2103 821; baseline 0.001 -22"><span class='ocrx_word' id='word_1_22' title='bbox 279 737 348 800; x_wconf 88' lang='lat' dir='ltr'>in</span> <span class='ocrx_word' id='word_1_23' title='bbox 371 736 574 820; x_wconf 64' lang='lat' dir='ltr'>sum,</span> <span class='ocrx_word' id='word_1_24' title='bbox 632 737 953 802; x_wconf 89' lang='lat' dir='ltr'>infensum</span> <span class='ocrx_word' id='word_1_25' title='bbox 1009 738 1106 801; x_wconf 90' lang='lat' dir='ltr'>rei</span> <span class='ocrx_word' id='word_1_26' title='bbox 1165 737 1465 821; x_wconf 89' lang='lat' dir='ltr'>publicae</span> <span class='ocrx_word' id='word_1_27' title='bbox 1524 739 1804 802; x_wconf 90' lang='lat' dir='ltr'>animum</span> <span class='ocrx_word' id='word_1_28' title='bbox 1866 737 2103 802; x_wconf 89' lang='lat' dir='ltr'>obiecit</span> 
     </span>
     <span class='ocr_line' id='line_1_6' title="bbox 279 839 2106 925; baseline 0.001 -21"><span class='ocrx_word' id='word_1_29' title='bbox 279 841 670 925; x_wconf 79' lang='lat' dir='ltr'>recitarique</span> <span class='ocrx_word' id='word_1_30' title='bbox 727 842 1048 906; x_wconf 89' lang='lat' dir='ltr'>factorum</span> <span class='ocrx_word' id='word_1_31' title='bbox 1108 839 1552 924; x_wconf 76' lang='lat' dir='ltr'>dictorumque</span> <span class='ocrx_word' id='word_1_32' title='bbox 1601 841 1737 904; x_wconf 90' lang='lat' dir='ltr'>eius</span> <span class='ocrx_word' id='word_1_33' title='bbox 1784 842 2106 925; x_wconf 85' lang='lat' dir='ltr'>descripta</span> 
     </span>
     <span class='ocr_line' id='line_1_7' title="bbox 281 943 2103 1029; baseline 0.001 -20"><span class='ocrx_word' id='word_1_34' title='bbox 281 965 399 1028; x_wconf 91' lang='lat' dir='ltr'>per</span> <span class='ocrx_word' id='word_1_35' title='bbox 447 943 585 1008; x_wconf 89' lang='lat' dir='ltr'>dies</span> <span class='ocrx_word' id='word_1_36' title='bbox 631 947 851 1027; x_wconf 88' lang='lat' dir='ltr'>iussit,</span> <span class='ocrx_word' id='word_1_37' title='bbox 913 965 1040 1029; x_wconf 92' lang='lat' dir='ltr'>quo</span> <span class='ocrx_word' id='word_1_38' title='bbox 1099 965 1232 1008; x_wconf 92' lang='lat' dir='ltr'>non</span> <span class='ocrx_word' id='word_1_39' title='bbox 1292 945 1467 1009; x_wconf 91' lang='lat' dir='ltr'>aliud</span> <span class='ocrx_word' id='word_1_40' title='bbox 1524 946 1801 1010; x_wconf 89' lang='lat' dir='ltr'>atrocius</span> <span class='ocrx_word' id='word_1_41' title='bbox 1858 946 2103 1010; x_wconf 88' lang='lat' dir='ltr'>visum:</span> 
     </span>
     <span class='ocr_line' id='line_1_8' title="bbox 283 1025 2149 1133; baseline 0.001 -22"><span class='ocrx_word' id='word_1_42' title='bbox 283 1047 614 1112; x_wconf 80' lang='lat' dir='ltr'>adstitisse</span> <span class='ocrx_word' id='word_1_43' title='bbox 646 1025 760 1113; x_wconf 69' lang='lat' dir='ltr'>‘tot</span> <span class='ocrx_word' id='word_1_44' title='bbox 803 1070 920 1133; x_wconf 91' lang='lat' dir='ltr'>per</span> <span class='ocrx_word' id='word_1_45' title='bbox 966 1069 1167 1113; x_wconf 87' lang='lat' dir='ltr'>annos</span> <span class='ocrx_word' id='word_1_46' title='bbox 1199 1049 1309 1131; x_wconf 94' lang='lat' dir='ltr'>qui</span> <span class='ocrx_word' id='word_1_47' title='bbox 1338 1049 1605 1130; x_wconf 84' lang='lat' dir='ltr'>vultum,</span> <span class='ocrx_word' id='word_1_48' title='bbox 1650 1050 1948 1130; x_wconf 82' lang='lat' dir='ltr'>gemitus,</span> <span class='ocrx_word' id='word_1_49' title='bbox 1996 1068 2149 1113; x_wconf 80' lang='lat' dir='ltr'>oc-5</span> 
     </span>
     <span class='ocr_line' id='line_1_9' title="bbox 284 1151 2107 1236; baseline 0.002 -21"><span class='ocrx_word' id='word_1_50' title='bbox 284 1153 531 1216; x_wconf 89' lang='lat' dir='ltr'>cultum</span> <span class='ocrx_word' id='word_1_51' title='bbox 562 1151 764 1216; x_wconf 84' lang='lat' dir='ltr'>etiam.</span> <span class='ocrx_word' id='word_1_52' title='bbox 789 1172 1076 1215; x_wconf 90' lang='lat' dir='ltr'>murmur</span> <span class='ocrx_word' id='word_1_53' title='bbox 1108 1152 1483 1235; x_wconf 75' lang='lat' dir='ltr'>exciperent</span> <span class='ocrx_word' id='word_1_54' title='bbox 1509 1158 1575 1216; x_wconf 89' lang='lat' dir='ltr'>et</span> <span class='ocrx_word' id='word_1_55' title='bbox 1599 1153 1883 1236; x_wconf 87' lang='lat' dir='ltr'>potuisse</span> <span class='ocrx_word' id='word_1_56' title='bbox 1914 1175 2107 1219; x_wconf 87' lang='lat' dir='ltr'>avum</span> 
     </span>
     <span class='ocr_line' id='line_1_10' title="bbox 287 1254 2105 1340; baseline 0 -21"><span class='ocrx_word' id='word_1_57' title='bbox 287 1256 545 1336; x_wconf 89' lang='lat' dir='ltr'>audire,</span> <span class='ocrx_word' id='word_1_58' title='bbox 605 1255 860 1338; x_wconf 86' lang='lat' dir='ltr'>legere,</span> <span class='ocrx_word' id='word_1_59' title='bbox 919 1255 985 1319; x_wconf 94' lang='lat' dir='ltr'>in</span> <span class='ocrx_word' id='word_1_60' title='bbox 1050 1254 1379 1338; x_wconf 85' lang='lat' dir='ltr'>publicum</span> <span class='ocrx_word' id='word_1_61' title='bbox 1426 1275 1725 1338; x_wconf 84' lang='lat' dir='ltr'>promere</span> <span class='ocrx_word' id='word_1_62' title='bbox 1769 1256 1883 1319; x_wconf 81' lang='lat' dir='ltr'>vix</span> <span class='ocrx_word' id='word_1_63' title='bbox 1924 1256 2105 1340; x_wconf 88' lang='lat' dir='ltr'>fides,</span> 
     </span>
     <span class='ocr_line' id='line_1_11' title="bbox 286 1358 2109 1444; baseline 0.001 -22"><span class='ocrx_word' id='word_1_64' title='bbox 286 1358 412 1422; x_wconf 92' lang='lat' dir='ltr'>nisi</span> <span class='ocrx_word' id='word_1_65' title='bbox 483 1358 656 1442; x_wconf 90' lang='lat' dir='ltr'>quod</span> <span class='ocrx_word' id='word_1_66' title='bbox 727 1358 894 1422; x_wconf 87' lang='lat' dir='ltr'>Attii</span> <span class='ocrx_word' id='word_1_67' title='bbox 967 1359 1356 1423; x_wconf 85' lang='lat' dir='ltr'>centurionis</span> <span class='ocrx_word' id='word_1_68' title='bbox 1431 1366 1497 1422; x_wconf 88' lang='lat' dir='ltr'>et</span> <span class='ocrx_word' id='word_1_69' title='bbox 1560 1359 1831 1443; x_wconf 85' lang='lat' dir='ltr'>Didymi</span> <span class='ocrx_word' id='word_1_70' title='bbox 1896 1359 2109 1444; x_wconf 81' lang='lat' dir='ltr'>liberti</span> 
     </span>
     <span class='ocr_line' id='line_1_12' title="bbox 291 1462 2109 1548; baseline 0.001 -22"><span class='ocrx_word' id='word_1_71' title='bbox 291 1462 600 1546; x_wconf 84' lang='lat' dir='ltr'>epistulae</span> <span class='ocrx_word' id='word_1_72' title='bbox 648 1483 979 1528; x_wconf 85' lang='lat' dir='ltr'>servorum</span> <span class='ocrx_word' id='word_1_73' title='bbox 1022 1464 1285 1527; x_wconf 88' lang='lat' dir='ltr'>nomina</span> <span class='ocrx_word' id='word_1_74' title='bbox 1324 1463 1807 1548; x_wconf 83' lang='lat' dir='ltr'>praeferebant,</span> <span class='ocrx_word' id='word_1_75' title='bbox 1852 1470 1923 1527; x_wconf 94' lang='lat' dir='ltr'>ut</span> <span class='ocrx_word' id='word_1_76' title='bbox 1969 1467 2109 1548; x_wconf 90' lang='lat' dir='ltr'>quis</span> 
     </span>
     <span class='ocr_line' id='line_1_13' title="bbox 291 1565 2177 1653; baseline 0 -23"><span class='ocrx_word' id='word_1_77' title='bbox 291 1565 734 1649; x_wconf 86' lang='lat' dir='ltr'>egredientem</span> <span class='ocrx_word' id='word_1_78' title='bbox 795 1567 1086 1632; x_wconf 89' lang='lat' dir='ltr'>cubiculo</span> <span class='ocrx_word' id='word_1_79' title='bbox 1133 1567 1418 1630; x_wconf 81' lang='lat' dir='ltr'>Drusum</span> <span class='ocrx_word' id='word_1_80' title='bbox 1469 1568 1837 1653; x_wconf 88' lang='lat' dir='ltr'>pulsaverat</span> <span class='ocrx_word' id='word_1_81' title='bbox 1893 1573 2108 1632; x_wconf 84' lang='lat' dir='ltr'>exter·</span> <span class='ocrx_word' id='word_1_82' title='bbox 2128 1585 2177 1623; x_wconf 93' lang='lat'>10</span> 
     </span>
     <span class='ocr_line' id='line_1_14' title="bbox 289 1671 2109 1754; baseline -0.001 -19"><span class='ocrx_word' id='word_1_83' title='bbox 289 1679 525 1735; x_wconf 88' lang='lat' dir='ltr'>ruerat.</span> <span class='ocrx_word' id='word_1_84' title='bbox 595 1671 789 1736; x_wconf 91' lang='lat' dir='ltr'>etiam</span> <span class='ocrx_word' id='word_1_85' title='bbox 835 1692 949 1734; x_wconf 88' lang='lat' dir='ltr'>sua</span> <span class='ocrx_word' id='word_1_86' title='bbox 981 1671 1180 1735; x_wconf 86' lang='lat' dir='ltr'>verba</span> <span class='ocrx_word' id='word_1_87' title='bbox 1209 1672 1497 1735; x_wconf 89' lang='lat' dir='ltr'>centurio</span> <span class='ocrx_word' id='word_1_88' title='bbox 1544 1672 1851 1735; x_wconf 87' lang='lat' dir='ltr'>saevitiae</span> <span class='ocrx_word' id='word_1_89' title='bbox 1898 1671 2109 1754; x_wconf 90' lang='lat' dir='ltr'>plena,</span> 
     </span>
     <span class='ocr_line' id='line_1_15' title="bbox 291 1774 2111 1858; baseline 0.001 -21"><span class='ocrx_word' id='word_1_90' title='bbox 291 1780 616 1858; x_wconf 88' lang='lat' dir='ltr'>tamquam</span> <span class='ocrx_word' id='word_1_91' title='bbox 644 1775 997 1858; x_wconf 87' lang='lat' dir='ltr'>egregium,</span> <span class='ocrx_word' id='word_1_92' title='bbox 1030 1795 1353 1858; x_wconf 87' lang='lat' dir='ltr'>vocesque</span> <span class='ocrx_word' id='word_1_93' title='bbox 1387 1774 1741 1840; x_wconf 90' lang='lat' dir='ltr'>deficientis</span> <span class='ocrx_word' id='word_1_94' title='bbox 1764 1775 2111 1858; x_wconf 85' lang='lat' dir='ltr'>adiecerat,</span> 
     </span>
    </p>

    <p class='ocr_par' dir='ltr' id='par_1_4' title="bbox 201 1878 2185 3007">
     <span class='ocr_line' id='line_1_16' title="bbox 201 1878 2113 1969; baseline 0.002 -28"><span class='ocrx_word' id='word_1_95' title='bbox 201 1965 204 1969; x_wconf 84' lang='lat'>.</span> <span class='ocrx_word' id='word_1_96' title='bbox 293 1878 432 1963; x_wconf 89' lang='lat' dir='ltr'>quis</span> <span class='ocrx_word' id='word_1_97' title='bbox 481 1878 688 1963; x_wconf 90' lang='lat' dir='ltr'>primo</span> <span class='ocrx_word' id='word_1_98' title='bbox 735 1879 1191 1945; x_wconf 88' lang='lat' dir='ltr'>alienationem</span> <span class='ocrx_word' id='word_1_99' title='bbox 1233 1880 1467 1944; x_wconf 88' lang='lat' dir='ltr'>mentis</span> <span class='ocrx_word' id='word_1_100' title='bbox 1512 1879 1817 1944; x_wconf 87' lang='lat' dir='ltr'>simulans</span> <span class='ocrx_word' id='word_1_101' title='bbox 1860 1881 2113 1945; x_wconf 89' lang='lat' dir='ltr'>funesta</span> 
     </span>
     <span class='ocr_line' id='line_1_17' title="bbox 292 1984 2113 2073; baseline 0.001 -26"><span class='ocrx_word' id='word_1_102' title='bbox 292 1984 584 2067; x_wconf 84' lang='lat' dir='ltr'>Tiberio,</span> <span class='ocrx_word' id='word_1_103' title='bbox 645 2006 832 2067; x_wconf 79' lang='lat' dir='ltr'>mox,</span> <span class='ocrx_word' id='word_1_104' title='bbox 896 1986 1008 2050; x_wconf 90' lang='lat' dir='ltr'>ubi</span> <span class='ocrx_word' id='word_1_105' title='bbox 1053 2006 1290 2069; x_wconf 85' lang='lat' dir='ltr'>exspes</span> <span class='ocrx_word' id='word_1_106' title='bbox 1348 1986 1519 2073; x_wconf 81' lang='lat' dir='ltr'>vitae</span> <span class='ocrx_word' id='word_1_107' title='bbox 1563 1984 1713 2066; x_wconf 86' lang='lat' dir='ltr'>fuit,</span> <span class='ocrx_word' id='word_1_108' title='bbox 1773 1984 2113 2049; x_wconf 88' lang='lat' dir='ltr'>meditatas</span> 
     </span>
     <span class='ocr_line' id='line_1_18' title="bbox 295 2088 2179 2175; baseline -0.002 -24"><span class='ocrx_word' id='word_1_109' title='bbox 295 2088 814 2173; x_wconf 85' lang='lat' dir='ltr'>compositasque</span> <span class='ocrx_word' id='word_1_110' title='bbox 863 2088 1034 2153; x_wconf 91' lang='lat' dir='ltr'>diras</span> <span class='ocrx_word' id='word_1_111' title='bbox 1092 2088 1575 2175; x_wconf 85' lang='lat' dir='ltr'>inprecabatur,</span> <span class='ocrx_word' id='word_1_112' title='bbox 1632 2095 1733 2171; x_wconf 94' lang='lat' dir='ltr'>ut,</span> <span class='ocrx_word' id='word_1_113' title='bbox 1794 2110 1984 2173; x_wconf 89' lang='lat' dir='ltr'>quem</span> <span class='ocrx_word' id='word_1_114' title='bbox 2028 2089 2115 2154; x_wconf 87' lang='lat' dir='ltr'>ad</span> <span class='ocrx_word' id='word_1_115' title='bbox 2130 2111 2179 2148; x_wconf 81' lang='lat'>15</span> 
     </span>
     <span class='ocr_line' id='line_1_19' title="bbox 293 2190 2112 2277; baseline 0.001 -23"><span class='ocrx_word' id='word_1_116' title='bbox 293 2190 559 2255; x_wconf 89' lang='lat' dir='ltr'>modum</span> <span class='ocrx_word' id='word_1_117' title='bbox 605 2191 869 2257; x_wconf 90' lang='lat' dir='ltr'>domum</span> <span class='ocrx_word' id='word_1_118' title='bbox 917 2192 1224 2258; x_wconf 84' lang='lat' dir='ltr'>caedibus</span> <span class='ocrx_word' id='word_1_119' title='bbox 1262 2193 1735 2277; x_wconf 87' lang='lat' dir='ltr'>complevisset,</span> <span class='ocrx_word' id='word_1_120' title='bbox 1762 2194 1851 2255; x_wconf 91' lang='lat' dir='ltr'>ita</span> <span class='ocrx_word' id='word_1_121' title='bbox 1870 2213 2112 2277; x_wconf 88' lang='lat' dir='ltr'>poenas</span> 
     </span>
     <span class='ocr_line' id='line_1_20' title="bbox 295 2294 2113 2381; baseline 0.002 -24"><span class='ocrx_word' id='word_1_122' title='bbox 295 2294 538 2358; x_wconf 89' lang='lat' dir='ltr'>nomini</span> <span class='ocrx_word' id='word_1_123' title='bbox 583 2296 900 2359; x_wconf 86' lang='lat' dir='ltr'>maiorum</span> <span class='ocrx_word' id='word_1_124' title='bbox 962 2302 1027 2359; x_wconf 91' lang='lat' dir='ltr'>et</span> <span class='ocrx_word' id='word_1_125' title='bbox 1084 2298 1369 2381; x_wconf 86' lang='lat' dir='ltr'>posteris·</span> <span class='ocrx_word' id='word_1_126' title='bbox 1412 2297 1803 2361; x_wconf 83' lang='lat' dir='ltr'>exsolveret.</span> <span class='ocrx_word' id='word_1_127' title='bbox 1895 2296 2113 2361; x_wconf 85' lang='lat' dir='ltr'>obtur-</span> 
     </span>
     <span class='ocr_line' id='line_1_21' title="bbox 295 2398 2112 2484; baseline 0.002 -22"><span class='ocrx_word' id='word_1_128' title='bbox 295 2398 534 2463; x_wconf 84' lang='lat' dir='ltr'>babant</span> <span class='ocrx_word' id='word_1_129' title='bbox 565 2399 826 2482; x_wconf 91' lang='lat' dir='ltr'>quidem</span> <span class='ocrx_word' id='word_1_130' title='bbox 859 2406 1074 2484; x_wconf 89' lang='lat' dir='ltr'>patres</span> <span class='ocrx_word' id='word_1_131' title='bbox 1099 2402 1315 2484; x_wconf 84' lang='lat' dir='ltr'>specie</span> <span class='ocrx_word' id='word_1_132' title='bbox 1341 2401 1741 2465; x_wconf 88' lang='lat' dir='ltr'>detestandi:</span> <span class='ocrx_word' id='word_1_133' title='bbox 1778 2400 1892 2463; x_wconf 91' lang='lat' dir='ltr'>sed</span> <span class='ocrx_word' id='word_1_134' title='bbox 1915 2421 2112 2484; x_wconf 91' lang='lat' dir='ltr'>pene-</span> 
     </span>
     <span class='ocr_line' id='line_1_22' title="bbox 297 2504 2114 2587; baseline 0.001 -20"><span class='ocrx_word' id='word_1_135' title='bbox 297 2504 508 2567; x_wconf 87' lang='lat' dir='ltr'>trabat</span> <span class='ocrx_word' id='word_1_136' title='bbox 551 2525 756 2587; x_wconf 89' lang='lat' dir='ltr'>pavor</span> <span class='ocrx_word' id='word_1_137' title='bbox 803 2512 870 2568; x_wconf 90' lang='lat' dir='ltr'>et</span> <span class='ocrx_word' id='word_1_138' title='bbox 912 2504 1291 2586; x_wconf 82' lang='lat' dir='ltr'>admiratiO,</span> <span class='ocrx_word' id='word_1_139' title='bbox 1356 2504 1659 2569; x_wconf 90' lang='lat' dir='ltr'>callidum</span> <span class='ocrx_word' id='word_1_140' title='bbox 1707 2505 1861 2569; x_wconf 90' lang='lat' dir='ltr'>olim</span> <span class='ocrx_word' id='word_1_141' title='bbox 1908 2512 1973 2569; x_wconf 90' lang='lat' dir='ltr'>et</span> <span class='ocrx_word' id='word_1_142' title='bbox 2016 2512 2114 2569; x_wconf 89' lang='lat' dir='ltr'>te-</span> 
     </span>
     <span class='ocr_line' id='line_1_23' title="bbox 294 2607 2185 2691; baseline -0.002 -20"><span class='ocrx_word' id='word_1_143' title='bbox 294 2607 528 2691; x_wconf 84' lang='lat' dir='ltr'>gendis</span> <span class='ocrx_word' id='word_1_144' title='bbox 579 2608 929 2673; x_wconf 87' lang='lat' dir='ltr'>sceleribus</span> <span class='ocrx_word' id='word_1_145' title='bbox 976 2608 1321 2673; x_wconf 89' lang='lat' dir='ltr'>obscurum</span> <span class='ocrx_word' id='word_1_146' title='bbox 1364 2610 1489 2672; x_wconf 90' lang='lat' dir='ltr'>huc</span> <span class='ocrx_word' id='word_1_147' title='bbox 1534 2608 1955 2685; x_wconf 84' lang='lat' dir='ltr'>confidentiae</span> <span class='ocrx_word' id='word_1_148' title='bbox 2002 2630 2114 2673; x_wconf 82' lang='lat' dir='ltr'>ve·</span> <span class='ocrx_word' id='word_1_149' title='bbox 2135 2630 2185 2667; x_wconf 82' lang='lat'>20</span> 
     </span>
     <span class='ocr_line' id='line_1_24' title="bbox 297 2712 2119 2797; baseline -0.001 -20"><span class='ocrx_word' id='word_1_150' title='bbox 297 2712 466 2777; x_wconf 89' lang='lat' dir='ltr'>nisse</span> <span class='ocrx_word' id='word_1_151' title='bbox 485 2760 501 2793; x_wconf 94' lang='lat'>,</span> <span class='ocrx_word' id='word_1_152' title='bbox 547 2721 622 2777; x_wconf 94' lang='lat' dir='ltr'>ut</span> <span class='ocrx_word' id='word_1_153' title='bbox 665 2720 993 2797; x_wconf 89' lang='lat' dir='ltr'>tamquam</span> <span class='ocrx_word' id='word_1_154' title='bbox 1038 2713 1299 2777; x_wconf 89' lang='lat' dir='ltr'>dimotis</span> <span class='ocrx_word' id='word_1_155' title='bbox 1344 2712 1697 2797; x_wconf 85' lang='lat' dir='ltr'>parietibus</span> <span class='ocrx_word' id='word_1_156' title='bbox 1746 2713 2119 2777; x_wconf 88' lang='lat' dir='ltr'>ostenderet</span> 
     </span>
     <span class='ocr_line' id='line_1_25' title="bbox 297 2816 2117 2903; baseline -0.001 -22"><span class='ocrx_word' id='word_1_157' title='bbox 297 2824 605 2903; x_wconf 89' lang='lat' dir='ltr'>nepotem</span> <span class='ocrx_word' id='word_1_158' title='bbox 651 2818 768 2883; x_wconf 87' lang='lat' dir='ltr'>sub</span> <span class='ocrx_word' id='word_1_159' title='bbox 815 2819 1088 2883; x_wconf 87' lang='lat' dir='ltr'>verbere</span> <span class='ocrx_word' id='word_1_160' title='bbox 1128 2816 1541 2898; x_wconf 80' lang='lat' dir='ltr'>centurioniS,</span> <span class='ocrx_word' id='word_1_161' title='bbox 1586 2816 1753 2883; x_wconf 89' lang='lat' dir='ltr'>inter</span> <span class='ocrx_word' id='word_1_162' title='bbox 1786 2836 2117 2881; x_wconf 87' lang='lat' dir='ltr'>servorum</span> 
     </span>
     <span class='ocr_line' id='line_1_26' title="bbox 297 2920 2031 3007; baseline -0.002 -23"><span class='ocrx_word' id='word_1_163' title='bbox 297 2922 504 3007; x_wconf 58' lang='lat' dir='ltr'>ictus,¹</span> <span class='ocrx_word' id='word_1_164' title='bbox 533 2930 826 2985; x_wconf 82' lang='lat' dir='ltr'>extrema</span> <span class='ocrx_word' id='word_1_165' title='bbox 869 2922 1041 2985; x_wconf 88' lang='lat' dir='ltr'>vitae</span> <span class='ocrx_word' id='word_1_166' title='bbox 1089 2920 1398 2984; x_wconf 88' lang='lat' dir='ltr'>alimenta</span> <span class='ocrx_word' id='word_1_167' title='bbox 1440 2920 1674 2982; x_wconf 90' lang='lat' dir='ltr'>frustra</span> <span class='ocrx_word' id='word_1_168' title='bbox 1722 2925 2031 2983; x_wconf 88' lang='lat' dir='ltr'>orantem.</span> 
     </span>
    </p>

    <p class='ocr_par' dir='ltr' id='par_1_5' title="bbox 299 3022 2157 3526">
     <span class='ocr_line' id='line_1_27' title="bbox 428 3022 2117 3106; baseline -0.001 -19"><span class='ocrx_word' id='word_1_169' title='bbox 428 3026 533 3088; x_wconf 82' lang='lat'>25.</span> <span class='ocrx_word' id='word_1_170' title='bbox 569 3024 880 3089; x_wconf 84' lang='lat' dir='ltr'>Nondum</span> <span class='ocrx_word' id='word_1_171' title='bbox 898 3026 952 3087; x_wconf 92' lang='lat' dir='ltr'>is</span> <span class='ocrx_word' id='word_1_172' title='bbox 973 3024 1172 3088; x_wconf 83' lang='lat' dir='ltr'>dolor</span> <span class='ocrx_word' id='word_1_173' title='bbox 1187 3023 1587 3106; x_wconf 84' lang='lat' dir='ltr'>exoleverat,</span> <span class='ocrx_word' id='word_1_174' title='bbox 1612 3044 1757 3086; x_wconf 88' lang='lat' dir='ltr'>cum</span> <span class='ocrx_word' id='word_1_175' title='bbox 1780 3023 1859 3087; x_wconf 92' lang='lat' dir='ltr'>de</span> <span class='ocrx_word' id='word_1_176' title='bbox 1878 3022 2117 3106; x_wconf 85' lang='lat' dir='ltr'>Agrip-</span> 
     </span>
     <span class='ocr_line' id='line_1_28' title="bbox 299 3116 2118 3214; baseline -0.003 -21"><span class='ocrx_word' id='word_1_177' title='bbox 299 3130 452 3214; x_wconf 88' lang='lat' dir='ltr'>pina</span> <span class='ocrx_word' id='word_1_178' title='bbox 484 3116 808 3211; x_wconf 85' lang='lat' dir='ltr'>auditum,</span> <span class='ocrx_word' id='word_1_179' title='bbox 855 3149 1047 3213; x_wconf 91' lang='lat' dir='ltr'>quam</span> <span class='ocrx_word' id='word_1_180' title='bbox 1077 3129 1419 3193; x_wconf 89' lang='lat' dir='ltr'>interfecto</span> <span class='ocrx_word' id='word_1_181' title='bbox 1452 3126 1687 3193; x_wconf 83' lang='lat' dir='ltr'>Seiano</span> <span class='ocrx_word' id='word_1_182' title='bbox 1720 3149 1834 3212; x_wconf 89' lang='lat' dir='ltr'>spe</span> <span class='ocrx_word' id='word_1_183' title='bbox 1869 3135 2118 3190; x_wconf 88' lang='lat' dir='ltr'>susten-</span> 
     </span>
     <span class='ocr_line' id='line_1_29' title="bbox 301 3230 2117 3317; baseline -0.001 -22"><span class='ocrx_word' id='word_1_184' title='bbox 301 3239 518 3297; x_wconf 85' lang='lat' dir='ltr'>tatam·</span> <span class='ocrx_word' id='word_1_185' title='bbox 541 3233 904 3317; x_wconf 82' lang='lat' dir='ltr'>provixisse</span> <span class='ocrx_word' id='word_1_186' title='bbox 953 3252 1100 3295; x_wconf 88' lang='lat' dir='ltr'>reor</span> <span class='ocrx_word' id='word_1_187' title='bbox 1139 3238 1223 3314; x_wconf 91' lang='lat' dir='ltr'>et,</span> <span class='ocrx_word' id='word_1_188' title='bbox 1270 3238 1615 3316; x_wconf 85' lang='lat' dir='ltr'>postquam</span> <span class='ocrx_word' id='word_1_189' title='bbox 1662 3230 1821 3295; x_wconf 91' lang='lat' dir='ltr'>nihil</span> <span class='ocrx_word' id='word_1_190' title='bbox 1859 3231 1939 3294; x_wconf 90' lang='lat' dir='ltr'>de</span> <span class='ocrx_word' id='word_1_191' title='bbox 1978 3251 2117 3295; x_wconf 91' lang='lat' dir='ltr'>sae·</span> 
     </span>
     <span class='ocr_line' id='line_1_30' title="bbox 301 3334 2120 3416; baseline -0.003 -14"><span class='ocrx_word' id='word_1_192' title='bbox 301 3337 458 3402; x_wconf 86' lang='lat' dir='ltr'>vitia</span> <span class='ocrx_word' id='word_1_193' title='bbox 498 3338 951 3401; x_wconf 88' lang='lat' dir='ltr'>remittebatur</span> <span class='ocrx_word' id='word_1_194' title='bbox 968 3383 985 3416; x_wconf 92' lang='lat'>,</span> <span class='ocrx_word' id='word_1_195' title='bbox 1045 3336 1377 3400; x_wconf 86' lang='lat' dir='ltr'>voluntate</span> <span class='ocrx_word' id='word_1_196' title='bbox 1424 3334 1839 3415; x_wconf 82' lang='lat' dir='ltr'>exstinctam,</span> <span class='ocrx_word' id='word_1_197' title='bbox 1898 3334 2021 3397; x_wconf 90' lang='lat' dir='ltr'>nisi</span> <span class='ocrx_word' id='word_1_198' title='bbox 2062 3336 2120 3398; x_wconf 89' lang='lat' dir='ltr'>si</span> 
     </span>
     <span class='ocr_line' id='line_1_31' title="bbox 303 3438 2157 3526; baseline -0.002 -21"><span class='ocrx_word' id='word_1_199' title='bbox 303 3442 554 3526; x_wconf 83' lang='lat' dir='ltr'>negatis</span> <span class='ocrx_word' id='word_1_200' title='bbox 600 3442 918 3507; x_wconf 87' lang='lat' dir='ltr'>alimentis</span> <span class='ocrx_word' id='word_1_201' title='bbox 962 3439 1383 3505; x_wconf 88' lang='lat' dir='ltr'>adsimulatus</span> <span class='ocrx_word' id='word_1_202' title='bbox 1428 3445 1528 3503; x_wconf 90' lang='lat' dir='ltr'>est</span> <span class='ocrx_word' id='word_1_203' title='bbox 1568 3438 1731 3520; x_wconf 91' lang='lat' dir='ltr'>finis,</span> <span class='ocrx_word' id='word_1_204' title='bbox 1779 3438 1888 3520; x_wconf 90' lang='lat' dir='ltr'>qui</span> <span class='ocrx_word' id='word_1_205' title='bbox 1931 3438 2112 3502; x_wconf 83' lang='lat' dir='ltr'>vide·</span> <span class='ocrx_word' id='word_1_206' title='bbox 2134 3472 2157 3509; x_wconf 77' lang='lat'>5</span> 
     </span>
    </p>
   </div>
  </div>
 </body>
</html>
