<?xml version="1.0" encoding="UTF-8"?>
<!DOCTYPE html PUBLIC "-//W3C//DTD XHTML 1.0 Transitional//EN"
    "http://www.w3.org/TR/xhtml1/DTD/xhtml1-transitional.dtd">
<html xmlns="http://www.w3.org/1999/xhtml" xml:lang="en" lang="en">
 <head>
  <title>
</title>
<meta http-equiv="Content-Type" content="text/html;charset=utf-8" />
  <meta name='ocr-system' content='tesseract 3.04.00' />
  <meta name='ocr-capabilities' content='ocr_page ocr_carea ocr_par ocr_line ocrx_word'/>
</head>
<body>
  <div class='ocr_page' id='page_1' title='image "./corneliitacitia00gitlgoog_0115.png"; bbox 0 0 2467 3900; ppageno 0'>
   <div class='ocr_carea' id='block_1_1' title="bbox 629 269 2067 328">
    <p class='ocr_par' dir='ltr' id='par_1_1' title="bbox 629 269 2067 328">
     <span class='ocr_line' id='line_1_1' title="bbox 629 269 2067 328; baseline 0.005 -20"><span class='ocrx_word' id='word_1_1' title='bbox 629 269 705 308; x_wconf 82' lang='lat' dir='ltr'><strong>AB</strong></span> <span class='ocrx_word' id='word_1_2' title='bbox 732 270 985 312; x_wconf 77' lang='lat' dir='ltr'>EXOESSU</span> <span class='ocrx_word' id='word_1_3' title='bbox 1012 271 1143 311; x_wconf 83' lang='lat' dir='ltr'>DIVI</span> <span class='ocrx_word' id='word_1_4' title='bbox 1170 272 1426 314; x_wconf 76' lang='lat' dir='ltr'>AUGUSTI</span> <span class='ocrx_word' id='word_1_5' title='bbox 1451 273 1497 312; x_wconf 88' lang='lat' dir='ltr'><strong>H</strong></span> <span class='ocrx_word' id='word_1_6' title='bbox 1526 273 1693 313; x_wconf 71' lang='lat'>69—72.</span> <span class='ocrx_word' id='word_1_7' title='bbox 1954 269 2067 328; x_wconf 82' lang='lat'><strong>103</strong></span> 
     </span>
    </p>
   </div>
   <div class='ocr_carea' id='block_1_2' title="bbox 192 432 2152 3543">
    <p class='ocr_par' dir='ltr' id='par_1_2' title="bbox 192 432 2150 2189">
     <span class='ocr_line' id='line_1_2' title="bbox 234 432 2146 518; baseline -0.002 -21"><span class='ocrx_word' id='word_1_8' title='bbox 234 438 469 498; x_wconf 84' lang='lat' dir='ltr'><strong>ventus</strong></span> <span class='ocrx_word' id='word_1_9' title='bbox 515 433 935 499; x_wconf 79' lang='lat' dir='ltr'><strong>miserrimam</strong></span> <span class='ocrx_word' id='word_1_10' title='bbox 981 432 1181 498; x_wconf 82' lang='lat' dir='ltr'><strong>vitam</strong></span> <span class='ocrx_word' id='word_1_11' title='bbox 1226 432 1506 518; x_wconf 85' lang='lat' dir='ltr'><strong>pessima</strong></span> <span class='ocrx_word' id='word_1_12' title='bbox 1537 440 1746 499; x_wconf 90' lang='lat' dir='ltr'><strong>morte</strong></span> <span class='ocrx_word' id='word_1_13' title='bbox 1776 433 2070 499; x_wconf 89' lang='lat' dir='ltr'><strong>finierim.</strong></span> <span class='ocrx_word' id='word_1_14' title='bbox 2096 456 2146 495; x_wconf 76' lang='grc' dir='ltr'><strong>ιο</strong></span> 
     </span>
     <span class='ocr_line' id='line_1_3' title="bbox 235 537 2076 624; baseline 0.001 -23"><span class='ocrx_word' id='word_1_15' title='bbox 235 537 458 622; x_wconf 88' lang='lat' dir='ltr'><strong>siquos</strong></span> <span class='ocrx_word' id='word_1_16' title='bbox 490 557 659 622; x_wconf 90' lang='lat' dir='ltr'><strong>spes,</strong></span> <span class='ocrx_word' id='word_1_17' title='bbox 690 537 909 622; x_wconf 89' lang='lat' dir='ltr'><strong>siquos</strong></span> <span class='ocrx_word' id='word_1_18' title='bbox 941 538 1342 624; x_wconf 89' lang='lat' dir='ltr'><strong>propinquus</strong></span> <span class='ocrx_word' id='word_1_19' title='bbox 1373 540 1654 624; x_wconf 85' lang='lat' dir='ltr'><strong>sanguis,</strong></span> <span class='ocrx_word' id='word_1_20' title='bbox 1688 540 1882 605; x_wconf 90' lang='lat' dir='ltr'><strong>etiam</strong></span> <span class='ocrx_word' id='word_1_21' title='bbox 1913 560 2076 624; x_wconf 89' lang='lat' dir='ltr'><strong>quos</strong></span> 
     </span>
     <span class='ocr_line' id='line_1_4' title="bbox 235 640 2076 728; baseline 0.002 -25"><span class='ocrx_word' id='word_1_22' title='bbox 235 640 481 707; x_wconf 85' lang='lat' dir='ltr'><strong>invidia</strong></span> <span class='ocrx_word' id='word_1_23' title='bbox 556 663 712 726; x_wconf 85' lang='lat' dir='ltr'><strong>erga</strong></span> <span class='ocrx_word' id='word_1_24' title='bbox 779 642 1104 708; x_wconf 84' lang='lat' dir='ltr'><strong>viventem</strong></span> <span class='ocrx_word' id='word_1_25' title='bbox 1170 645 1478 716; x_wconf 84' lang='lat' dir='ltr'><strong>movebat</strong></span> <span class='ocrx_word' id='word_1_26' title='bbox 1495 694 1513 728; x_wconf 94' lang='lat'><strong>,</strong></span> <span class='ocrx_word' id='word_1_27' title='bbox 1585 643 2076 710; x_wconf 80' lang='lat' dir='ltr'><strong>inlacrimabunt</strong></span> 
     </span>
     <span class='ocr_line' id='line_1_5' title="bbox 239 746 2078 835; baseline 0 -23"><span class='ocrx_word' id='word_1_28' title='bbox 239 747 568 832; x_wconf 89' lang='lat' dir='ltr'><strong>quondam</strong></span> <span class='ocrx_word' id='word_1_29' title='bbox 629 746 969 814; x_wconf 90' lang='lat' dir='ltr'><strong>florentem</strong></span> <span class='ocrx_word' id='word_1_30' title='bbox 1034 753 1100 812; x_wconf 91' lang='lat' dir='ltr'><strong>et</strong></span> <span class='ocrx_word' id='word_1_31' title='bbox 1153 752 1254 812; x_wconf 94' lang='lat' dir='ltr'><strong>tot</strong></span> <span class='ocrx_word' id='word_1_32' title='bbox 1298 748 1616 814; x_wconf 89' lang='lat' dir='ltr'><strong>bellorum</strong></span> <span class='ocrx_word' id='word_1_33' title='bbox 1663 749 2078 835; x_wconf 80' lang='lat' dir='ltr'><strong>superstitem</strong></span> 
     </span>
     <span class='ocr_line' id='line_1_6' title="bbox 239 850 2075 937; baseline -0.001 -22"><span class='ocrx_word' id='word_1_34' title='bbox 239 851 539 916; x_wconf 89' lang='lat' dir='ltr'><strong>muliebri</strong></span> <span class='ocrx_word' id='word_1_35' title='bbox 592 851 821 918; x_wconf 84' lang='lat' dir='ltr'><strong>fraude</strong></span> <span class='ocrx_word' id='word_1_36' title='bbox 868 850 1201 917; x_wconf 87' lang='lat' dir='ltr'><strong>cecidisse.</strong></span> <span class='ocrx_word' id='word_1_37' title='bbox 1294 853 1418 918; x_wconf 89' lang='lat' dir='ltr'><strong>erit</strong></span> <span class='ocrx_word' id='word_1_38' title='bbox 1464 853 1647 918; x_wconf 84' lang='lat' dir='ltr'><strong>vobis</strong></span> <span class='ocrx_word' id='word_1_39' title='bbox 1692 853 1876 917; x_wconf 91' lang='lat' dir='ltr'><strong>locus</strong></span> <span class='ocrx_word' id='word_1_40' title='bbox 1920 871 2075 937; x_wconf 90' lang='lat' dir='ltr'><strong>que-</strong></span> 
     </span>
     <span class='ocr_line' id='line_1_7' title="bbox 239 953 2148 1041; baseline 0.001 -21"><span class='ocrx_word' id='word_1_41' title='bbox 239 953 429 1020; x_wconf 88' lang='lat' dir='ltr'><strong>rendi</strong></span> <span class='ocrx_word' id='word_1_42' title='bbox 485 960 641 1041; x_wconf 90' lang='lat' dir='ltr'><strong>aput</strong></span> <span class='ocrx_word' id='word_1_43' title='bbox 698 962 1027 1038; x_wconf 89' lang='lat' dir='ltr'><strong>senatum,</strong></span> <span class='ocrx_word' id='word_1_44' title='bbox 1086 956 1430 1021; x_wconf 84' lang='lat' dir='ltr'><strong>invocandi</strong></span> <span class='ocrx_word' id='word_1_45' title='bbox 1482 958 1686 1041; x_wconf 87' lang='lat' dir='ltr'><strong>leges.</strong></span> <span class='ocrx_word' id='word_1_46' title='bbox 1775 977 1907 1020; x_wconf 90' lang='lat' dir='ltr'><strong>non</strong></span> <span class='ocrx_word' id='word_1_47' title='bbox 1953 957 2078 1021; x_wconf 95' lang='grc'>1100</span> <span class='ocrx_word' id='word_1_48' title='bbox 2092 981 2148 1022; x_wconf 77' lang='lat'><strong>16</strong></span> 
     </span>
     <span class='ocr_line' id='line_1_8' title="bbox 239 1058 2079 1146; baseline 0.002 -24"><span class='ocrx_word' id='word_1_49' title='bbox 239 1058 660 1144; x_wconf 87' lang='lat' dir='ltr'><strong>praecipuum</strong></span> <span class='ocrx_word' id='word_1_50' title='bbox 718 1059 1073 1126; x_wconf 89' lang='lat' dir='ltr'><strong>amicorum</strong></span> <span class='ocrx_word' id='word_1_51' title='bbox 1130 1081 1362 1124; x_wconf 88' lang='lat' dir='ltr'><strong>munus</strong></span> <span class='ocrx_word' id='word_1_52' title='bbox 1420 1065 1550 1144; x_wconf 89' lang='lat' dir='ltr'><strong>est,</strong></span> <span class='ocrx_word' id='word_1_53' title='bbox 1610 1061 1916 1146; x_wconf 80' lang='lat' dir='ltr'><strong>prosequi</strong></span> <span class='ocrx_word' id='word_1_54' title='bbox 1967 1059 2079 1126; x_wconf 90' lang='lat' dir='ltr'><strong>de-</strong></span> 
     </span>
     <span class='ocr_line' id='line_1_9' title="bbox 238 1163 2076 1249; baseline 0.001 -23"><span class='ocrx_word' id='word_1_55' title='bbox 238 1163 531 1228; x_wconf 84' lang='lat' dir='ltr'><strong>functum</strong></span> <span class='ocrx_word' id='word_1_56' title='bbox 575 1163 809 1247; x_wconf 84' lang='lat' dir='ltr'><strong>ignavo</strong></span> <span class='ocrx_word' id='word_1_57' title='bbox 859 1168 1109 1247; x_wconf 76' lang='lat' dir='ltr'><strong>questU,</strong></span> <span class='ocrx_word' id='word_1_58' title='bbox 1157 1163 1275 1228; x_wconf 86' lang='lat' dir='ltr'><strong>sed</strong></span> <span class='ocrx_word' id='word_1_59' title='bbox 1321 1185 1484 1249; x_wconf 90' lang='lat' dir='ltr'><strong>quae</strong></span> <span class='ocrx_word' id='word_1_60' title='bbox 1532 1164 1811 1230; x_wconf 85' lang='lat' dir='ltr'><strong>voluerit</strong></span> <span class='ocrx_word' id='word_1_61' title='bbox 1847 1165 2076 1228; x_wconf 89' lang='lat' dir='ltr'><strong>memi-</strong></span> 
     </span>
     <span class='ocr_line' id='line_1_10' title="bbox 240 1265 2075 1354; baseline -0.001 -22"><span class='ocrx_word' id='word_1_62' title='bbox 240 1268 437 1350; x_wconf 85' lang='lat' dir='ltr'><strong>nisse,</strong></span> <span class='ocrx_word' id='word_1_63' title='bbox 468 1288 633 1354; x_wconf 89' lang='lat' dir='ltr'><strong>quae</strong></span> <span class='ocrx_word' id='word_1_64' title='bbox 664 1268 1067 1334; x_wconf 82' lang='lat' dir='ltr'><strong>mandaverit</strong></span> <span class='ocrx_word' id='word_1_65' title='bbox 1100 1271 1394 1353; x_wconf 85' lang='lat' dir='ltr'><strong>exsequi.</strong></span> <span class='ocrx_word' id='word_1_66' title='bbox 1460 1269 1706 1334; x_wconf 91' lang='lat' dir='ltr'><strong>flebunt</strong></span> <span class='ocrx_word' id='word_1_67' title='bbox 1739 1265 2075 1334; x_wconf 77' lang='lat' dir='ltr'><strong>Germani-</strong></span> 
     </span>
     <span class='ocr_line' id='line_1_11' title="bbox 244 1369 2077 1456; baseline -0.002 -20"><span class='ocrx_word' id='word_1_68' title='bbox 244 1393 389 1441; x_wconf 89' lang='lat' dir='ltr'><strong>cum</strong></span> <span class='ocrx_word' id='word_1_69' title='bbox 439 1372 632 1437; x_wconf 89' lang='lat' dir='ltr'><strong>etiam</strong></span> <span class='ocrx_word' id='word_1_70' title='bbox 675 1371 913 1455; x_wconf 87' lang='lat' dir='ltr'><strong>ignoti:</strong></span> <span class='ocrx_word' id='word_1_71' title='bbox 959 1369 1369 1437; x_wconf 80' lang='lat' dir='ltr'><strong>vindicabitis</strong></span> <span class='ocrx_word' id='word_1_72' title='bbox 1415 1392 1566 1454; x_wconf 84' lang='lat' dir='ltr'><strong>vos,</strong></span> <span class='ocrx_word' id='word_1_73' title='bbox 1613 1371 1670 1436; x_wconf 92' lang='lat' dir='ltr'><strong>si</strong></span> <span class='ocrx_word' id='word_1_74' title='bbox 1713 1391 1815 1436; x_wconf 90' lang='lat' dir='ltr'><strong>me</strong></span> <span class='ocrx_word' id='word_1_75' title='bbox 1861 1370 2077 1456; x_wconf 91' lang='lat' dir='ltr'><strong>potius</strong></span> 
     </span>
     <span class='ocr_line' id='line_1_12' title="bbox 244 1474 2150 1560; baseline 0 -21"><span class='ocrx_word' id='word_1_76' title='bbox 244 1497 434 1560; x_wconf 90' lang='lat' dir='ltr'><strong>quam</strong></span> <span class='ocrx_word' id='word_1_77' title='bbox 467 1476 793 1541; x_wconf 84' lang='lat' dir='ltr'><strong>fortunam</strong></span> <span class='ocrx_word' id='word_1_78' title='bbox 822 1497 1036 1541; x_wconf 89' lang='lat' dir='ltr'><strong>meam</strong></span> <span class='ocrx_word' id='word_1_79' title='bbox 1067 1475 1408 1541; x_wconf 84' lang='lat' dir='ltr'><strong>fovebatis.</strong></span> <span class='ocrx_word' id='word_1_80' title='bbox 1477 1476 1800 1541; x_wconf 86' lang='lat' dir='ltr'><strong>ostendite</strong></span> <span class='ocrx_word' id='word_1_81' title='bbox 1830 1474 2075 1560; x_wconf 91' lang='lat' dir='ltr'><strong>populo</strong></span> <span class='ocrx_word' id='word_1_82' title='bbox 2097 1500 2150 1539; x_wconf 81' lang='lat'><strong>20</strong></span> 
     </span>
     <span class='ocr_line' id='line_1_13' title="bbox 192 1576 2079 1666; baseline -0.001 -22"><span class='ocrx_word' id='word_1_83' title='bbox 192 1578 198 1584; x_wconf 79' lang='grc'><strong><em>’</em></strong></span> <span class='ocrx_word' id='word_1_84' title='bbox 244 1578 543 1644; x_wconf 86' lang='lat' dir='ltr'><strong>Romano</strong></span> <span class='ocrx_word' id='word_1_85' title='bbox 578 1578 707 1644; x_wconf 85' lang='lat' dir='ltr'><strong>divi</strong></span> <span class='ocrx_word' id='word_1_86' title='bbox 726 1576 1007 1664; x_wconf 87' lang='lat' dir='ltr'><strong>Augusti</strong></span> <span class='ocrx_word' id='word_1_87' title='bbox 1027 1588 1290 1665; x_wconf 85' lang='lat' dir='ltr'><strong>neptem</strong></span> <span class='ocrx_word' id='word_1_88' title='bbox 1315 1579 1714 1666; x_wconf 82' lang='lat' dir='ltr'><strong>eandemque</strong></span> <span class='ocrx_word' id='word_1_89' title='bbox 1736 1580 2079 1662; x_wconf 86' lang='lat' dir='ltr'><strong>coniugem</strong></span> 
     </span>
     <span class='ocr_line' id='line_1_14' title="bbox 243 1682 2075 1765; baseline 0.001 -19"><span class='ocrx_word' id='word_1_90' title='bbox 243 1703 492 1765; x_wconf 90' lang='lat' dir='ltr'><strong>meam,</strong></span> <span class='ocrx_word' id='word_1_91' title='bbox 551 1689 886 1749; x_wconf 88' lang='lat' dir='ltr'><strong>numerate</strong></span> <span class='ocrx_word' id='word_1_92' title='bbox 936 1705 1054 1751; x_wconf 87' lang='lat' dir='ltr'><strong>sex</strong></span> <span class='ocrx_word' id='word_1_93' title='bbox 1099 1685 1362 1749; x_wconf 87' lang='lat' dir='ltr'><strong>liberos.</strong></span> <span class='ocrx_word' id='word_1_94' title='bbox 1447 1682 1886 1750; x_wconf 86' lang='lat' dir='ltr'><strong>misericordia</strong></span> <span class='ocrx_word' id='word_1_95' title='bbox 1931 1704 2075 1748; x_wconf 89' lang='lat' dir='ltr'><strong>cum</strong></span> 
     </span>
     <span class='ocr_line' id='line_1_15' title="bbox 246 1786 2079 1873; baseline -0.001 -21"><span class='ocrx_word' id='word_1_96' title='bbox 246 1787 694 1853; x_wconf 80' lang='lat' dir='ltr'><strong>accusantibus</strong></span> <span class='ocrx_word' id='word_1_97' title='bbox 742 1789 864 1854; x_wconf 89' lang='lat' dir='ltr'><strong>erit</strong></span> <span class='ocrx_word' id='word_1_98' title='bbox 904 1789 1424 1873; x_wconf 86' lang='lat' dir='ltr'><strong>fingentibusque</strong></span> <span class='ocrx_word' id='word_1_99' title='bbox 1471 1789 1744 1853; x_wconf 88' lang='lat' dir='ltr'><strong>scelesta</strong></span> <span class='ocrx_word' id='word_1_100' title='bbox 1774 1786 2079 1852; x_wconf 86' lang='lat' dir='ltr'><strong>mandata</strong></span> 
     </span>
     <span class='ocr_line' id='line_1_16' title="bbox 246 1889 2074 1981; baseline -0.002 -22"><span class='ocrx_word' id='word_1_101' title='bbox 246 1898 357 1959; x_wconf 86' lang='lat' dir='ltr'><strong>aut</strong></span> <span class='ocrx_word' id='word_1_102' title='bbox 436 1913 571 1959; x_wconf 91' lang='lat' dir='ltr'><strong>non</strong></span> <span class='ocrx_word' id='word_1_103' title='bbox 638 1892 905 1981; x_wconf 86' lang='lat' dir='ltr'><strong>credent</strong></span> <span class='ocrx_word' id='word_1_104' title='bbox 968 1893 1268 1967; x_wconf 87' lang='lat' dir='ltr'><strong>homines</strong></span> <span class='ocrx_word' id='word_1_105' title='bbox 1328 1899 1440 1960; x_wconf 88' lang='lat' dir='ltr'><strong>aut</strong></span> <span class='ocrx_word' id='word_1_106' title='bbox 1501 1913 1634 1958; x_wconf 91' lang='grc'>11011</span> <span class='ocrx_word' id='word_1_107' title='bbox 1695 1889 2074 1977; x_wconf 88' lang='lat' dir='ltr'><strong>ignoscent.‘</strong></span> 
     </span>
     <span class='ocr_line' id='line_1_17' title="bbox 244 1997 2148 2083; baseline -0.002 -21"><span class='ocrx_word' id='word_1_108' title='bbox 244 1998 540 2063; x_wconf 85' lang='lat' dir='ltr'><strong>iuravere</strong></span> <span class='ocrx_word' id='word_1_109' title='bbox 587 1999 811 2083; x_wconf 89' lang='lat' dir='ltr'><strong>amici,</strong></span> <span class='ocrx_word' id='word_1_110' title='bbox 879 1998 1178 2064; x_wconf 83' lang='lat' dir='ltr'><strong>dextram</strong></span> <span class='ocrx_word' id='word_1_111' title='bbox 1224 1998 1559 2063; x_wconf 87' lang='lat' dir='ltr'><strong>morientis</strong></span> <span class='ocrx_word' id='word_1_112' title='bbox 1607 1997 2075 2080; x_wconf 88' lang='lat' dir='ltr'><strong>contingentes,</strong></span> <span class='ocrx_word' id='word_1_113' title='bbox 2097 2020 2148 2060; x_wconf 69' lang='grc' dir='ltr'>π</span> 
     </span>
     <span class='ocr_line' id='line_1_18' title="bbox 246 2101 1756 2189; baseline -0.003 -20"><span class='ocrx_word' id='word_1_114' title='bbox 246 2104 543 2189; x_wconf 86' lang='lat' dir='ltr'><strong>spiritum</strong></span> <span class='ocrx_word' id='word_1_115' title='bbox 590 2109 739 2169; x_wconf 87' lang='lat' dir='ltr'><strong>ante</strong></span> <span class='ocrx_word' id='word_1_116' title='bbox 787 2124 978 2188; x_wconf 89' lang='lat' dir='ltr'><strong>quam</strong></span> <span class='ocrx_word' id='word_1_117' title='bbox 1023 2104 1342 2168; x_wconf 88' lang='lat' dir='ltr'><strong>ultionem</strong></span> <span class='ocrx_word' id='word_1_118' title='bbox 1388 2101 1756 2166; x_wconf 86' lang='lat' dir='ltr'><strong>amissuros.</strong></span> 
     </span>
    </p>

    <p class='ocr_par' dir='ltr' id='par_1_3' title="bbox 242 2204 2152 3543">
     <span class='ocr_line' id='line_1_19' title="bbox 382 2204 2078 2294; baseline -0.003 -22"><span class='ocrx_word' id='word_1_119' title='bbox 382 2209 483 2272; x_wconf 83' lang='lat'><strong>72.</strong></span> <span class='ocrx_word' id='word_1_120' title='bbox 542 2208 706 2272; x_wconf 85' lang='lat' dir='ltr'><strong>Tum</strong></span> <span class='ocrx_word' id='word_1_121' title='bbox 766 2207 850 2271; x_wconf 86' lang='lat' dir='ltr'><strong>ad</strong></span> <span class='ocrx_word' id='word_1_122' title='bbox 906 2228 1185 2273; x_wconf 90' lang='lat' dir='ltr'><strong>uxorem</strong></span> <span class='ocrx_word' id='word_1_123' title='bbox 1243 2228 1470 2273; x_wconf 82' lang='lat' dir='ltr'><strong>versus</strong></span> <span class='ocrx_word' id='word_1_124' title='bbox 1529 2228 1647 2294; x_wconf 91' lang='lat' dir='ltr'><strong>per</strong></span> <span class='ocrx_word' id='word_1_125' title='bbox 1699 2204 2078 2270; x_wconf 84' lang='lat' dir='ltr'><strong>memoriam</strong></span> 
     </span>
     <span class='ocr_line' id='line_1_20' title="bbox 244 2308 2077 2396; baseline -0.003 -21"><span class='ocrx_word' id='word_1_126' title='bbox 244 2311 380 2393; x_wconf 86' lang='lat' dir='ltr'><strong>sui,</strong></span> <span class='ocrx_word' id='word_1_127' title='bbox 435 2332 553 2396; x_wconf 90' lang='lat' dir='ltr'><strong>per</strong></span> <span class='ocrx_word' id='word_1_128' title='bbox 597 2331 971 2377; x_wconf 90' lang='lat' dir='ltr'><strong>communes</strong></span> <span class='ocrx_word' id='word_1_129' title='bbox 1015 2312 1255 2377; x_wconf 88' lang='lat' dir='ltr'><strong>liberos</strong></span> <span class='ocrx_word' id='word_1_130' title='bbox 1303 2312 1541 2395; x_wconf 85' lang='lat' dir='ltr'><strong>oravit,</strong></span> <span class='ocrx_word' id='word_1_131' title='bbox 1592 2316 1862 2376; x_wconf 88' lang='lat' dir='ltr'><strong>exueret</strong></span> <span class='ocrx_word' id='word_1_132' title='bbox 1906 2308 2077 2372; x_wconf 86' lang='lat' dir='ltr'><strong>fero-</strong></span> 
     </span>
     <span class='ocr_line' id='line_1_21' title="bbox 246 2413 2080 2498; baseline -0.003 -17"><span class='ocrx_word' id='word_1_133' title='bbox 246 2418 435 2498; x_wconf 86' lang='lat' dir='ltr'><strong>ciam,</strong></span> <span class='ocrx_word' id='word_1_134' title='bbox 482 2416 797 2482; x_wconf 87' lang='lat' dir='ltr'><strong>saevienti</strong></span> <span class='ocrx_word' id='word_1_135' title='bbox 834 2416 1131 2485; x_wconf 76' lang='lat' dir='ltr'><strong>fortunae</strong></span> <span class='ocrx_word' id='word_1_136' title='bbox 1162 2415 1572 2481; x_wconf 85' lang='lat' dir='ltr'><strong>submitteret</strong></span> <span class='ocrx_word' id='word_1_137' title='bbox 1601 2413 1906 2497; x_wconf 90' lang='lat' dir='ltr'><strong>animum,</strong></span> <span class='ocrx_word' id='word_1_138' title='bbox 1951 2432 2080 2477; x_wconf 89' lang='lat' dir='ltr'><strong>neu</strong></span> 
     </span>
     <span class='ocr_line' id='line_1_22' title="bbox 245 2515 2079 2606; baseline -0.005 -20"><span class='ocrx_word' id='word_1_139' title='bbox 245 2541 545 2606; x_wconf 86' lang='lat' dir='ltr'><strong>regressa</strong></span> <span class='ocrx_word' id='word_1_140' title='bbox 575 2522 642 2585; x_wconf 90' lang='lat' dir='ltr'><strong>in</strong></span> <span class='ocrx_word' id='word_1_141' title='bbox 668 2520 895 2589; x_wconf 84' lang='lat' dir='ltr'><strong>urbem</strong></span> <span class='ocrx_word' id='word_1_142' title='bbox 917 2519 1351 2585; x_wconf 86' lang='lat' dir='ltr'><strong>aemulatione</strong></span> <span class='ocrx_word' id='word_1_143' title='bbox 1374 2518 1703 2605; x_wconf 88' lang='lat' dir='ltr'><strong>potentiae</strong></span> <span class='ocrx_word' id='word_1_144' title='bbox 1729 2515 2079 2582; x_wconf 85' lang='lat' dir='ltr'><strong>validiores</strong></span> 
     </span>
     <span class='ocr_line' id='line_1_23' title="bbox 242 2623 2126 2710; baseline -0.003 -21"><span class='ocrx_word' id='word_1_145' title='bbox 242 2626 560 2691; x_wconf 87' lang='lat' dir='ltr'><strong>inritaret.</strong></span> <span class='ocrx_word' id='word_1_146' title='bbox 649 2625 811 2689; x_wconf 89' lang='lat' dir='ltr'><strong>haec</strong></span> <span class='ocrx_word' id='word_1_147' title='bbox 870 2624 1085 2710; x_wconf 89' lang='lat' dir='ltr'><strong>palam</strong></span> <span class='ocrx_word' id='word_1_148' title='bbox 1140 2629 1206 2688; x_wconf 91' lang='lat' dir='ltr'><strong>et</strong></span> <span class='ocrx_word' id='word_1_149' title='bbox 1263 2623 1388 2687; x_wconf 86' lang='lat' dir='ltr'><strong>alia</strong></span> <span class='ocrx_word' id='word_1_150' title='bbox 1431 2628 1704 2703; x_wconf 85' lang='lat' dir='ltr'><strong>secrete,</strong></span> <span class='ocrx_word' id='word_1_151' title='bbox 1750 2641 1867 2705; x_wconf 91' lang='lat' dir='ltr'><strong>per</strong></span> <span class='ocrx_word' id='word_1_152' title='bbox 1915 2638 2078 2704; x_wconf 89' lang='lat' dir='ltr'><strong>quae</strong></span> <span class='ocrx_word' id='word_1_153' title='bbox 2101 2644 2126 2683; x_wconf 77' lang='lat'>⁶</span> 
     </span>
     <span class='ocr_line' id='line_1_24' title="bbox 248 2726 2080 2809; baseline -0.002 -17"><span class='ocrx_word' id='word_1_154' title='bbox 248 2726 597 2793; x_wconf 85' lang='lat' dir='ltr'><strong>ostendere</strong></span> <span class='ocrx_word' id='word_1_155' title='bbox 652 2727 1032 2793; x_wconf 85' lang='lat' dir='ltr'><strong>credebatur</strong></span> <span class='ocrx_word' id='word_1_156' title='bbox 1077 2732 1324 2792; x_wconf 89' lang='lat' dir='ltr'><strong>metum</strong></span> <span class='ocrx_word' id='word_1_157' title='bbox 1369 2748 1453 2791; x_wconf 91' lang='lat' dir='ltr'><strong>ex</strong></span> <span class='ocrx_word' id='word_1_158' title='bbox 1497 2726 1778 2791; x_wconf 85' lang='lat' dir='ltr'><strong>Tiberio.</strong></span> <span class='ocrx_word' id='word_1_159' title='bbox 1867 2745 2080 2809; x_wconf 90' lang='lat' dir='ltr'><strong>neque</strong></span> 
     </span>
     <span class='ocr_line' id='line_1_25' title="bbox 247 2828 2080 2919; baseline -0.003 -22"><span class='ocrx_word' id='word_1_160' title='bbox 247 2832 455 2897; x_wconf 89' lang='lat' dir='ltr'><strong>multo</strong></span> <span class='ocrx_word' id='word_1_161' title='bbox 510 2837 663 2919; x_wconf 88' lang='lat' dir='ltr'><strong>post</strong></span> <span class='ocrx_word' id='word_1_162' title='bbox 706 2832 1141 2916; x_wconf 82' lang='lat' dir='ltr'><strong>extinguitur,</strong></span> <span class='ocrx_word' id='word_1_163' title='bbox 1197 2831 1446 2916; x_wconf 88' lang='lat' dir='ltr'><strong>ingenti</strong></span> <span class='ocrx_word' id='word_1_164' title='bbox 1489 2831 1667 2895; x_wconf 91' lang='lat' dir='ltr'><strong>luctu</strong></span> <span class='ocrx_word' id='word_1_165' title='bbox 1710 2828 2080 2914; x_wconf 80' lang='lat' dir='ltr'><strong>provinciae</strong></span> 
     </span>
     <span class='ocr_line' id='line_1_26' title="bbox 249 2935 2082 3021; baseline -0.003 -20"><span class='ocrx_word' id='word_1_166' title='bbox 249 2942 319 3001; x_wconf 88' lang='lat' dir='ltr'><strong>et</strong></span> <span class='ocrx_word' id='word_1_167' title='bbox 349 2936 939 3001; x_wconf 87' lang='lat' dir='ltr'><strong>circumiacentium</strong></span> <span class='ocrx_word' id='word_1_168' title='bbox 967 2935 1378 3021; x_wconf 91' lang='lat' dir='ltr'><strong>populorum.</strong></span> <span class='ocrx_word' id='word_1_169' title='bbox 1451 2935 1788 2999; x_wconf 87' lang='lat' dir='ltr'><strong>indoluere</strong></span> <span class='ocrx_word' id='word_1_170' title='bbox 1819 2937 2082 2997; x_wconf 90' lang='lat' dir='ltr'><strong>exterae</strong></span> 
     </span>
     <span class='ocr_line' id='line_1_27' title="bbox 246 3036 2081 3125; baseline -0.003 -21"><span class='ocrx_word' id='word_1_171' title='bbox 246 3040 548 3105; x_wconf 87' lang='lat' dir='ltr'><strong>nationes</strong></span> <span class='ocrx_word' id='word_1_172' title='bbox 604 3060 956 3125; x_wconf 85' lang='lat' dir='ltr'><strong>regesque:</strong></span> <span class='ocrx_word' id='word_1_173' title='bbox 1016 3046 1195 3106; x_wconf 90' lang='lat' dir='ltr'><strong>tanta</strong></span> <span class='ocrx_word' id='word_1_174' title='bbox 1251 3041 1348 3105; x_wconf 92' lang='lat' dir='ltr'><strong>illi</strong></span> <span class='ocrx_word' id='word_1_175' title='bbox 1407 3042 1672 3107; x_wconf 89' lang='lat' dir='ltr'><strong>comitas</strong></span> <span class='ocrx_word' id='word_1_176' title='bbox 1729 3040 1798 3103; x_wconf 94' lang='lat' dir='ltr'><strong>in</strong></span> <span class='ocrx_word' id='word_1_177' title='bbox 1852 3036 2081 3119; x_wconf 87' lang='lat' dir='ltr'><strong>socios,</strong></span> 
     </span>
     <span class='ocr_line' id='line_1_28' title="bbox 249 3142 2152 3229; baseline -0.005 -20"><span class='ocrx_word' id='word_1_178' title='bbox 249 3144 679 3210; x_wconf 87' lang='lat' dir='ltr'><strong>mansuetudo</strong></span> <span class='ocrx_word' id='word_1_179' title='bbox 738 3144 808 3208; x_wconf 89' lang='lat' dir='ltr'><strong>in</strong></span> <span class='ocrx_word' id='word_1_180' title='bbox 868 3144 1102 3227; x_wconf 83' lang='lat' dir='ltr'><strong>hostis3</strong></span> <span class='ocrx_word' id='word_1_181' title='bbox 1165 3144 1437 3229; x_wconf 84' lang='lat' dir='ltr'><strong>visuque</strong></span> <span class='ocrx_word' id='word_1_182' title='bbox 1495 3151 1561 3210; x_wconf 88' lang='lat' dir='ltr'><strong>et</strong></span> <span class='ocrx_word' id='word_1_183' title='bbox 1619 3143 1844 3209; x_wconf 89' lang='lat' dir='ltr'><strong>auditu</strong></span> <span class='ocrx_word' id='word_1_184' title='bbox 1899 3142 2087 3211; x_wconf 85' lang='lat' dir='ltr'><strong>iuxta</strong></span> <span class='ocrx_word' id='word_1_185' title='bbox 2102 3161 2152 3201; x_wconf 91' lang='lat'><strong>10</strong></span> 
     </span>
     <span class='ocr_line' id='line_1_29' title="bbox 248 3237 2084 3333; baseline -0.004 -20"><span class='ocrx_word' id='word_1_186' title='bbox 248 3247 673 3331; x_wconf 81' lang='lat' dir='ltr'><strong>venerabilis,</strong></span> <span class='ocrx_word' id='word_1_187' title='bbox 750 3237 897 3314; x_wconf 91' lang='lat' dir='ltr'><strong>cum</strong></span> <span class='ocrx_word' id='word_1_188' title='bbox 972 3247 1483 3333; x_wconf 87' lang='lat' dir='ltr'><strong>magnitudinem</strong></span> <span class='ocrx_word' id='word_1_189' title='bbox 1559 3254 1624 3313; x_wconf 91' lang='lat' dir='ltr'><strong>et</strong></span> <span class='ocrx_word' id='word_1_190' title='bbox 1695 3246 2084 3331; x_wconf 78' lang='lat' dir='ltr'><strong>gravitatem</strong></span> 
     </span>
     <span class='ocr_line' id='line_1_30' title="bbox 252 3348 2083 3435; baseline -0.002 -19"><span class='ocrx_word' id='word_1_191' title='bbox 252 3372 545 3417; x_wconf 90' lang='lat' dir='ltr'><strong>summae</strong></span> <span class='ocrx_word' id='word_1_192' title='bbox 589 3351 883 3418; x_wconf 86' lang='lat' dir='ltr'><strong>fortunae</strong></span> <span class='ocrx_word' id='word_1_193' title='bbox 929 3352 1260 3435; x_wconf 88' lang='lat' dir='ltr'><strong>retineret,</strong></span> <span class='ocrx_word' id='word_1_194' title='bbox 1305 3352 1611 3417; x_wconf 85' lang='lat' dir='ltr'><strong>invidiam</strong></span> <span class='ocrx_word' id='word_1_195' title='bbox 1658 3356 1723 3415; x_wconf 89' lang='lat' dir='ltr'><strong>et</strong></span> <span class='ocrx_word' id='word_1_196' title='bbox 1766 3348 2083 3432; x_wconf 80' lang='lat' dir='ltr'><strong>adrogan-</strong></span> 
     </span>
     <span class='ocr_line' id='line_1_31' title="bbox 252 3456 795 3543; baseline 0.002 -23"><span class='ocrx_word' id='word_1_197' title='bbox 252 3457 411 3521; x_wconf 90' lang='lat' dir='ltr'><strong>tiam</strong></span> <span class='ocrx_word' id='word_1_198' title='bbox 458 3456 795 3543; x_wconf 85' lang='lat' dir='ltr'><strong>effugerat.</strong></span> 
     </span>
    </p>
   </div>
  </div>
 </body>
</html>
