2467 3900
671 273 746 312 AB
775 273 1027 313 EXCESSU
1053 273 1183 312 DIVI
1208 272 1465 313 AUGUSTI
1490 271 1555 312 lv
1581 271 1751 313 38—40.
1878 305 1883 308 .
2006 268 2116 324 187

429 434 535 497 40.
601 433 894 496 Tiberius
960 432 1249 497 laudata'
1281 433 1523 516 pietate
1582 431 1798 496 Seiani
1860 431 2118 514 suisque

295 538 362 602 in
409 559 556 602 eum
602 537 932 602 beneficiis
974 537 1230 601 modice
1276 536 1629 623 percursis,
1676 557 1821 600 cum
1862 541 2118 620 tempus

295 649 622 726 tamquam
677 642 760 706 ad
805 636 1124 726 integram
1181 641 1717 706 consultationem
1763 639 2118 724 petivisset,

297 746 622 812 adiunxit:
673 747 907 811 ceteris
950 745 1331 810 mortalibus
1375 746 1443 810 in
1488 767 1568 810 eo
1618 749 1786 808 stare
1832 740 2119 826 consilia,

294 851 449 936 quid
494 851 615 915 sibi
661 851 1022 916 conducere
1070 856 1329 935 putent:
1392 849 1753 934 principum
1801 847 2118 912 diversam
2138 867 2163 904 ⁵

293 961 565 1036 sortem,
613 954 843 1038 quibus
886 953 1237 1038 praecipua
1279 973 1497 1017 rerum
1540 951 1625 1015 ad
1668 953 1901 1016 famam
1948 950 2117 1016 deri-

294 1056 528 1141 genda.
595 1057 747 1121 ideo
796 1077 864 1120 se
908 1078 1041 1122 non
1083 1057 1239 1120 illuc
1272 1056 1617 1121 decurrere
1655 1054 1827 1140 quod
1858 1075 2117 1139 promp-

291 1166 430 1224 tum
473 1161 820 1246 rescripta,
885 1180 1080 1244 posse
1123 1160 1333 1243 ipsam
1375 1159 1637 1223 Liviam·
1672 1163 1955 1222 statuere
1998 1179 2115 1222 nu-

291 1263 580 1330 bendum
621 1268 774 1350 post
801 1263 1088 1327 Drusum
1123 1283 1206 1326 an
1235 1262 1303 1325 in
1333 1260 1677 1346 penatibus
1710 1261 1918 1326 isdem
1955 1261 2121 1325 tole-

293 1367 566 1432 randum
608 1368 912 1447 haberet3
957 1365 1053 1430 illi
1095 1373 1370 1432 matrem
1418 1372 1485 1431 et
1528 1367 1766 1448 aviam,
1810 1366 2120 1451 propiora
2136 1383 2187 1424 ιο

295 1471 580 1534 consilia.
669 1471 1021 1556 simplicius
1079 1477 1402 1552 acturum,
1469 1469 1551 1536 de
1594 1470 1942 1535 inimicitiis
1986 1471 2117 1554 pri-

293 1597 466 1638 mum
511 1575 944 1661 Agrippinae,
1009 1596 1164 1659 quas
1209 1559 1408 1660 longe
1467 1573 1674 1638 acrius
1720 1595 2007 1654 arsuras,
2064 1573 2119 1636 si

293 1679 771 1744 matrimonium
799 1679 1022 1743 Liviae
1067 1680 1249 1744 velut
1293 1679 1360 1742 in
1406 1683 1621 1762 partes
1656 1678 1920 1742 domum
1954 1676 2116 1742 Gae-

295 1803 508 1846 sarum
557 1782 978 1848 distraxisset.
1042 1784 1134 1848 sic
1175 1803 1433 1868 quoque
1464 1803 1804 1867 erumpere
1837 1782 2115 1847 aemula-

291 1887 537 1953 tionem
581 1888 959 1955 feminarum
1008 1909 1211 1973 eaque
1266 1887 1589 1953 discordia
1631 1893 1907 1973 nepotes
1967 1907 2189 1954 con-15

294 1993 482 2057 velli:
530 1992 686 2077 quid
731 1992 786 2055 si
828 1993 1202 2057 intendatur
1250 1997 1576 2056 certamen
1620 1992 1735 2055 tali
1766 1990 2118 2074 coniugio?

295 2096 554 2179 ,falleris
595 2096 798 2177 enim,
843 2096 1097 2177 Seiane,
1143 2097 1198 2159 si
1242 2101 1309 2160 te
1353 2116 1724 2161 mansurum
1769 2096 1836 2159 in
1884 2094 2118 2161 eodem

297 2199 522 2264 ordine
568 2206 755 2283 putas
803 2204 871 2263 et
911 2198 1186 2282 Liviam,
1235 2220 1398 2284 quae
1434 2199 1597 2263 Gaio
1634 2198 1917 2280 Caesari,
1964 2219 2121 2262 mox

293 2303 510 2367 Druso
558 2310 762 2387 nupta
804 2302 1032 2385 fuerit,
1092 2324 1170 2367 ea
1214 2309 1437 2367 mente
1482 2310 1803 2385 acturam,
1856 2308 1931 2366 ut
1976 2322 2121 2366 cum

293 2407 508 2490 equite
540 2406 840 2471 Romano
889 2412 1204 2471 senescat.
1282 2427 1407 2489 ego
1450 2413 1523 2470 ut
1554 2407 1777 2489 sinam,
1825 2407 2189 2472 credisne20

292 2532 593 2596 passuros
639 2510 748 2592 qui
791 2509 1090 2592 fratrem,
1151 2509 1260 2594 qui
1303 2514 1558 2593 patrem
1602 2510 2007 2595 maioresque
2052 2510 2119 2574 in

293 2614 555 2677 summis
611 2613 899 2698 imperiis
962 2612 1237 2678 videre?
1314 2613 1413 2679 vis
1470 2620 1541 2679 tu
1602 2614 1865 2697 quidem
1923 2615 2121 2679 istum

290 2721 458 2805 intra
501 2718 718 2783 locum
763 2718 1024 2782 sistere:
1084 2716 1202 2781 sed
1263 2716 1360 2781 illi
1404 2716 1818 2801 magistratus
1878 2725 1946 2783 et
1989 2719 2117 2804 pri-

291 2842 534 2904 mores,
579 2822 689 2907 qui
732 2827 798 2885 te
843 2822 912 2885 in
954 2822 1178 2887 limine
1222 2826 1647 2907 perrumpunt
1693 2825 2117 2908 omnibusque

291 2925 371 2991 de
402 2927 595 2992 rebus
618 2926 977 3007 consulunt,
1011 2927 1369 2991 excessisse
1391 2926 1519 2990 iam
1536 2927 1791 3013 pridem
1818 2935 2115 3013 equestre
2136 2942 2188 2981 2⁵

287 3029 616 3115 fastigium
676 3030 1002 3115 longeque
1064 3030 1305 3095 antisse
1358 3032 1557 3116 patris
1621 3033 1751 3097 mei
1806 3033 2118 3097 amicitias
2196 3022 2198 3024 ¹

286 3154 420 3197 non
479 3134 713 3197 occulti
765 3133 979 3199 ferunt
1024 3155 1271 3218 perque
1316 3134 1625 3199 invidiam
1669 3137 1764 3200 tui
1806 3157 1909 3200 me
1958 3156 2116 3220 quo-

289 3257 414 3322 que
477 3238 791 3301 incusant.
883 3243 949 3301 at
1017 3238 1190 3303 enim
1250 3238 1585 3323 Augustus
1650 3240 1851 3303 filiam
1916 3240 2117 3326 equiti

288 3339 582 3406 Romano
643 3340 903 3407 tradere
961 3341 1309 3407 meditatus
1357 3350 1473 3408 est.
1566 3346 1798 3409 mirum
1850 3345 2116 3410 hercule

289 3447 363 3529 si,
410 3468 556 3511 cum
596 3448 663 3513 in
705 3448 914 3512 omnis
960 3469 1143 3512 curas
1189 3448 1654 3514 distraheretur
1695 3448 2113 3513 immensum·
2132 3468 2183 3507 30
