2467 3900
711 192 782 230 AB
811 191 1062 242 EXCESSU
1089 192 1219 231 DIVI
1247 191 1501 232 AUGUSTI
1528 193 1548 230 1
1577 192 1745 231 51-56.
2034 187 2105 242 39

282 358 348 415 et
414 349 722 429 Claudius
800 356 864 414 et
929 349 1351 415 Germanicus
1428 345 1807 416 adiciuntur.
1917 352 2105 415 ludos

278 455 676 538 Augustales
707 459 859 518 tunc
889 455 1162 538 primum
1194 461 1462 539 coeptos
1485 456 1765 520 turbavit
1785 454 2105 518 discordia

281 582 368 624 ex
426 560 770 624 certamine
830 559 1232 623 histrionum.
1323 559 1679 623 indulserat
1740 559 1798 622 ei
1855 557 2101 622 ludicro

277 663 634 748 Augustus,
669 664 821 728 dum
851 664 1215 728 Maecenati
1249 665 1679 748 obtemperat;
1719 684 1930 749 neque
1964 664 2103 747 ipse

278 769 666 833 abhorrebat
709 768 944 832 talibus
991 767 1252 849 studiis,
1302 773 1367 833 et
1414 768 1598 832 civile
1645 767 1906 832 rebatur
1950 769 2171 830 mis-10

279 873 414 936 ceri
455 873 893 956 Voluptatibus
926 872 1121 954 vulgi.
1212 872 1339 935 alia
1369 871 1626 936 Tiberio
1676 894 1928 936 morum
1965 873 2100 937 via:

281 974 395 1039 sed
460 976 774 1060 populum
849 997 966 1060 per
1029 982 1126 1038 tot
1189 997 1391 1040 annos
1452 977 1733 1040 molliter
1812 977 2101 1041 habitum

277 1079 565 1144 nondum
611 1078 892 1143 audebat
938 1078 1023 1142 ad
1070 1080 1331 1144 duriora
1377 1085 1649 1144 vertere.
1819 1074 1825 1080 ’

411 1185 516 1247 55.
591 1184 806 1247 Druso
888 1182 1164 1247 Caesare
1233 1183 1302 1246 C.
1360 1183 1667 1247 Norbano
1734 1185 2100 1248 consulibus

281 1286 646 1351 decernitur
695 1285 1075 1352 Germanico
1124 1287 1485 1372 triumphus
1545 1294 1845 1360 manente
1890 1288 2099 1370 bello;

279 1390 452 1476 quod
486 1412 865 1475 quamquam
913 1392 977 1453 in
1011 1397 1326 1456 aestatem
1374 1414 1621 1456 summa
1654 1413 1776 1476 ope
1815 1393 2099 1477 parabat,

277 1495 458 1560 initio
491 1496 660 1560 veris
695 1502 760 1560 et
805 1498 1142 1581 repentino
1191 1498 1257 1561 in
1291 1496 1560 1562 Chattos
1590 1519 1867 1563 excursu
1914 1519 2097 1582 prae-

279 1599 468 1683 cepit.
555 1621 706 1664 nam
765 1621 912 1686 spes
976 1603 1327 1666 incesserat
1374 1602 1683 1668 dissidere
1736 1605 1990 1668 hostem
2034 1605 2144 1667 ins

274 1702 639 1769 Arminium
686 1727 759 1769 ac
796 1707 1156 1790 Segestem,
1201 1708 1522 1792 insignem
1566 1714 1905 1792 utrumque
1950 1729 2100 1792 per-

275 1807 428 1870 fidia
485 1809 551 1871 in
609 1831 728 1872 nos
796 1816 906 1873 aut
968 1811 1114 1897 fide.
1202 1810 1533 1875 Arminius
1595 1811 1888 1876 turbator
1937 1814 2099 1877 Ger-

275 1911 562 1994 maniae,
610 1913 915 1998 Segestes
975 1915 1186 1999 parari
1232 1907 1898 2001 rebellionem'saepe
1946 1916 2102 1980 alias

276 2022 343 2080 et
389 2037 688 2101 supremo
752 2018 1088 2096 convivio,
1150 2024 1300 2103 post
1358 2018 1533 2103 quod
1576 2019 1643 2083 in
1688 2041 1864 2083 arma
1920 2020 2099 2102 itum,

275 2121 528 2205 aperuit
591 2122 916 2205 suasitque
973 2121 1149 2185 Varo
1215 2130 1287 2185 ut
1352 2144 1419 2187 se
1488 2128 1553 2187 et
1610 2120 1971 2188 Arminium
2036 2132 2102 2187 et
2121 2151 2173 2191 ιο

275 2232 530 2291 ceteros
575 2246 880 2310 proceres
927 2225 1226 2291 vinciret:
1289 2226 1449 2290 nihil
1494 2248 1794 2290 ausuram
1839 2228 2100 2311 plebem

273 2330 668 2415 principibus
731 2330 963 2393 amotis
1024 2336 1216 2414 atque
1263 2330 1387 2414 ipsi
1433 2337 1689 2415 tempus
1735 2331 1907 2413 fore,
1972 2352 2098 2415 quo

275 2435 543 2499 crimina
595 2434 1006 2498 etinnoxios
1055 2433 1470 2499 discerneret.
1562 2434 1679 2499 sed
1712 2436 1923 2500 Varus
1967 2436 2097 2500 fato

274 2545 342 2605 et
388 2540 451 2605 vi
495 2539 752 2603 Armini
811 2539 1073 2604 cecidit:
1135 2538 1443 2622 Segestes
1505 2560 1891 2623 quamquam
1952 2561 2101 2604 con-

270 2664 470 2709 sensu
515 2644 726 2726 gentis
789 2643 857 2707 in
901 2642 1143 2707 bellum
1187 2647 1429 2706 tractus
1478 2641 1722 2706 discors
1780 2644 2099 2727 manebat,
2122 2676 2173 2713 15

274 2747 478 2810 auctis
524 2748 828 2831 privatim
877 2747 1077 2829 odiis,
1125 2745 1303 2831 quod
1348 2743 1677 2811 Arminius
1721 2746 1918 2811 filiam
1963 2748 2102 2821 eius

272 2850 385 2913 alii
413 2855 669 2935 pactam
696 2855 998 2935 rapuerat
1024 2872 1038 2913 ε
1085 2871 1289 2934 gener
1319 2849 1564 2913 invisus
1609 2851 1849 2914 inimici
1876 2853 2103 2935 soceri,

274 2976 568 3040 quaeque
616 2956 788 3042 apud
836 2954 1190 3020 concordes
1237 2954 1489 3019 vincula
1533 2955 1830 3039 caritatis,
1877 2956 2101 3021 incita-

274 3066 496 3123 menta
538 3060 776 3126 irarum
821 3060 994 3144 apud
1036 3059 1327 3124 infensos
1373 3065 1577 3124 erant.

408 3166 512 3229 56.
589 3164 798 3248 Igitur
875 3163 1300 3229 Germanicus
1398 3170 1700 3249 quattuor
1787 3165 2100 3249 legiones,

277 3268 557 3353 quinque
605 3268 1012 3331 auxiliarium
1059 3268 1235 3332 milia
1281 3275 1345 3332 et
1402 3268 1848 3332 tumultuarias
1896 3275 2101 3333 cater-

271 3392 390 3435 vas
423 3372 890 3437 Germanorum
941 3374 1029 3436 cis
1060 3372 1363 3436 Rhenum
1400 3371 1749 3435 colentium
1783 3370 2101 3439 Caecinae

1709 3474 1789 3525 3²*
