2467 3900
347 257 458 314 150
1000 263 1277 304 cortuum]
1306 264 1501 304 'rAcnrr

342 428 515 486 tusta
578 421 646 486 in
706 427 925 506 patres
984 423 1213 487 merita
1279 429 1347 488 et
1404 443 1631 488 recens
1697 423 1827 488 divi
1884 423 2168 509 Augusti

349 526 681 591 decretum
726 526 1053 609 adtulere,
1112 527 1358 591 laudati
1419 527 1591 611 quod
1634 515 2024 592 Parthorum
2068 527 2167 591 in-
2229 553 2240 566 ·

344 631 713 715 ruptionem
772 631 933 694 nihil
992 637 1243 695 mutata
1305 631 1370 693 in
1433 631 1746 718 populum
1802 633 2168 696 Romanum

277 750 327 790 1⁰
348 737 707 800 constantia
758 735 1212 820 pertulissent:
1277 734 1889 820 Aphrodisiensium
1945 737 2168 802 civitas

345 839 651 922 Veneris,
720 839 1297 905 Stratonicensium
1341 839 1518 905 Iovis
1577 847 1644 905 et
1700 840 1955 905 Triviae
2013 841 2166 905 reli-

346 943 607 1026 gionem
652 945 1017 1009 tuebantur.
1108 944 1299 1008 altius
1345 943 1992 1010 Hierocaesarienses
2053 967 2164 1010 ex-

344 1069 656 1135 posuere,
721 1049 1051 1115 Persicam
1112 1048 1286 1135 apud
1334 1070 1404 1112 se
1448 1049 1764 1131 Dianam,
1827 1049 2168 1114 delubrum

348 1154 519 1239 Cyro
553 1149 870 1236 dicatum3
904 1159 971 1217 et
998 1153 1524 1218 memorabantur
1551 1153 1956 1239 Perpennae,
1987 1153 2169 1218 Isau-

278 1279 329 1319 ιε
345 1260 461 1324 rici
504 1261 831 1343 multaque
880 1259 1006 1322 alia
1049 1259 1513 1342 imperatorum
1557 1259 1837 1341 nomina,
1883 1259 1990 1344 qui
2037 1280 2169 1324 non

345 1364 539 1428 modo
572 1365 813 1448 templo
840 1363 956 1428 sed
987 1363 1238 1427 duobus
1267 1363 1530 1427 milibus
1560 1385 1863 1448 passuum
1897 1363 2170 1429 eandem

348 1469 759 1532 sanctitatem>
791 1467 1165 1532 tribuerant.
1230 1468 1404 1531 exim
1439 1468 1660 1554 Cyprii
1691 1471 1898 1535 tribus
1939 1470 2024 1533 de
2058 1469 2168 1533 de-

348 1573 582 1656 lubris,
662 1595 929 1657 quorum
1009 1572 1513 1638 vetustissimum
1572 1575 1862 1660 Paphiae
1926 1574 2169 1639 Veneri

350 1684 575 1741 auctor
631 1676 895 1760 Aerias,
957 1684 1105 1762 post
1161 1678 1331 1742 filius
1379 1677 1518 1742 eius
1562 1676 1882 1742 Amathus
1926 1677 2170 1742 Veneri

278 1781 767 1847 2⁰Amathusiae
815 1788 883 1846 et
926 1782 1072 1847 Iovi
1102 1781 1457 1847 Salaminio
1488 1780 1761 1862 Teucer,
1807 1780 2174 1846 Telamonis

347 1887 549 1973 patris
594 1887 690 1953 ira
735 1881 1070 1973 profugus,
1113 1885 1498 1972 posuissent.

482 1994 585 2058 63.
647 1991 930 2057 Auditae
977 1992 1246 2055 aliarum
1293 2010 1549 2074 quoque
1597 1989 1946 2054 civitatium
1991 1990 2172 2072 lega-

347 2096 581 2161 tiones.
663 2117 937 2181 quorum
975 2096 1163 2179 copia
1192 2094 1350 2158 fessi
1387 2101 1608 2179 patres
1655 2100 1722 2157 et
1761 2093 1910 2178 quia
1945 2093 2174 2157 studiis

351 2201 713 2265 certabatur
742 2200 1112 2265 consulibus
1141 2199 1524 2285 permisere,
1550 2204 1623 2261 ut
1645 2204 1987 2283 perspecto
2013 2198 2172 2278 iure,

353 2311 417 2369 et
460 2304 645 2388 siqua
678 2303 977 2387 iniquitas
1010 2292 1472 2385 involveretur,
1519 2323 1658 2372 rem
1687 2302 2007 2385 integram
2036 2323 2176 2366 rur-

309 2428 491 2469 5sum
552 2405 633 2469 ad
694 2412 988 2470 senatum
1048 2406 1390 2471 referrent.
1482 2406 1780 2471 consules
1827 2426 2022 2491 super
2067 2426 2177 2471 eas

352 2508 661 2591 civitates,
700 2530 857 2594 quas
889 2510 1265 2593 memoravi,
1305 2509 1482 2594 apud
1511 2510 1902 2596 Pergamum
1929 2509 2178 2575 Aescu-

350 2614 504 2695 lapii
551 2620 931 2698 conpertum
978 2615 1231 2699 asylum
1279 2614 1704 2679 rettulerunt:
1766 2622 2017 2677 ceteros
2067 2614 2176 2679 ob-

352 2718 551 2783 scuris
600 2719 680 2783 ob
726 2714 1117 2785 vetustatem
1165 2717 1362 2781 initiis
1400 2716 1537 2782 niti.
1597 2737 1746 2781 nam
1779 2717 2176 2801 Zmyrnaeos

354 2824 683 2889 oraculum
745 2822 1105 2910 Apollinis,
1182 2822 1364 2886 cuius
1431 2820 1700 2905 imperio
1763 2820 2173 2885 Stratonicidi

280 2948 332 2987 10
353 2928 598 2995 Veneri
640 2930 957 3014 templum
1004 2927 1382 3008 dicaverint,
1427 2918 1666 2990 Tenios
1702 2926 1992 2990 eiusdem
2037 2946 2174 2989 car-

348 3056 497 3099 men
529 3034 791 3115 referre,
836 3054 963 3119 quo
996 3052 1248 3097 sacrare
1285 3030 1571 3115 Neptuni
1601 3029 1882 3113 effigiem
1910 3028 2171 3095 aedem-

351 3159 473 3223 que
504 3136 660 3201 iussi
692 3137 836 3201 sint.
898 3136 1203 3221 propiora
1235 3133 1611 3199 Sardianos:
1652 3131 2011 3197 Alexandri
2041 3133 2172 3197 vic·

349 3242 506 3308 toris
553 3242 815 3306 donum.
904 3260 1115 3323 neque
1162 3238 1374 3302 minus
1419 3237 1707 3302 Milesios
1751 3238 1970 3301 Dareo
2017 3236 2171 3300 niti:

352 3346 558 3409 cultus
603 3344 937 3408 numinum
979 3342 1266 3426 utrisque
1311 3341 1589 3406 Dianam
1643 3347 1753 3405 aut
1795 3340 2169 3425 Apollinem

281 3472 335 3511 15
349 3448 721 3515 venerandi.
809 3458 1035 3533 petere
1096 3452 1161 3511 et
1219 3444 1565 3511 Cretenses
1625 3443 1965 3509 simulacro
2037 3443 2171 3507 divi
