2467 3900
357 211 442 268 ‚74
1060 212 1339 252 oonnnmr
1364 212 1561 252 ‘rscrrr

371 395 513 438 rum
557 389 760 456 sacra,
807 372 1201 437 somniorum
1252 373 1446 436 etiam
1490 371 1878 455 interpretes
1923 367 2211 453 impulit,

372 477 526 541 dum
587 497 905 562 proavum
962 457 1351 560 Pompeium
1371 524 1389 557 ‚
1452 474 1715 538 amitam
1778 473 2214 555 Scriboniam,

297 605 346 644 10
369 602 536 666 quae
581 580 908 667 quondam
951 579 1235 666 Augusti
1282 578 1566 644 coniunx
1594 578 1825 662 fuerat,
1870 578 2213 644 consobri-

366 709 486 752 nos
513 686 868 770 ¹Caesares,
911 687 1175 771 plenam
1203 683 1594 768 imaginibus
1626 681 1889 747 domum
1920 687 2215 748 ostentat

279 784 284 788 ’
366 792 787 876 hortaturque
852 791 937 855 ad
983 790 1208 854 luxum
1254 795 1323 854 et
1364 810 1477 853 aes
1520 789 1819 871 alienum,
1866 786 2083 852 socius
2126 787 2212 851 li-

365 894 660 960 bidinum
723 902 791 960 et
851 895 1311 960 necessitatum
1331 943 1348 976 ‚
1411 914 1538 977 quo
1598 892 1891 977 pluribus
1947 891 2214 957 indiciis

369 1001 692 1084 inligaret.

497 1107 598 1169 28.
651 1105 744 1170 Ut
788 1104 940 1169 satis
975 1104 1243 1185 testium
1274 1107 1341 1168 et
1371 1101 1682 1186 quiservi
1714 1100 1945 1167 eadem
1974 1121 2213 1165 nosce-

363 1215 510 1274 rent
552 1208 861 1294 repperit,
909 1207 1152 1272 aditum
1197 1206 1282 1270 ad
1324 1205 1685 1290 principem
1726 1204 2031 1290 postulat,
2088 1203 2212 1268 de-

366 1317 719 1400 monstrato
783 1312 1047 1376 crimine
1106 1317 1172 1375 et
1215 1331 1331 1376 reo
1378 1331 1497 1395 per
1541 1310 1849 1375 Flaccum
1888 1307 2211 1373 Vescula-

364 1415 530 1480 rium
578 1415 861 1500 equitem
899 1415 1284 1498 Romanum,
1328 1416 1433 1479 cui
1464 1415 1731 1499 propior
1760 1435 1907 1478 oum
1936 1413 2206 1479 Tiberio

323 1539 348 1577 5
367 1540 539 1583 usuS.
615 1518 856 1582 Caesar
900 1506 1277 1602 aspernatur
1324 1539 1741 1604 congressus:
1788 1539 1980 1602 posse
2026 1517 2208 1581 enim

369 1622 604 1687 eodem
646 1622 1041 1688 internuntio
1090 1643 1475 1687 commeare.
1552 1628 1744 1707 atque
1789 1621 2045 1688 interim
2088 1620 2206 1684 Li-

365 1729 606 1792 bonem
663 1733 848 1791 ornat
888 1732 1220 1811 praetura,
1267 1727 1666 1793 convictibus
1710 1726 2007 1807 adhibet,
2064 1747 2206 1789 non

367 1832 546 1896 vultu
593 1833 928 1915 alienatus,
973 1853 1107 1896 non
1142 1831 1359 1897 verbis
1393 1833 1781 1896 commotior
1810 1829 2001 1912 (adeo
2034 1831 2201 1892 iram

370 1934 816 2017 condiderat):
850 1936 1023 2001 dicta
1051 1935 1369 2021 factaque,
1401 1933 1923 2020 cum-prohibere
1952 1939 2201 2018 posset,

298 2066 349 2106 10
368 2041 531 2107 scire
561 2042 863 2123 malebat,
911 2039 1119 2106 donec
1146 2040 1372 2105 Iunius
1411 2038 1697 2124 quidam,
1743 2044 2096 2124 temptatus
2128 2045 2203 2103 ut

367 2146 650 2211 infernas
683 2145 942 2211 umbras
975 2143 1361 2208 carminibus
1394 2143 1679 2226 eliceret,
1718 2142 1803 2206 ad
1833 2142 2200 2206 Fulcinium

368 2250 676 2314 Trionem
719 2248 1032 2313 indicium
1079 2247 1355 2327 detulit„
1422 2248 1677 2312 celebre
1721 2250 1889 2313 inter
1934 2268 2199 2319 accusa-

368 2360 544 2417 tores
587 2353 843 2417 Trionis
898 2352 1230 2438 ingenium
1274 2352 1665 2437 avidumque
1711 2353 1921 2418 famae
1968 2353 2200 2418 malae.

369 2457 585 2523 statim
631 2458 894 2541 corripit
935 2478 1154 2541 reum,
1202 2458 1339 2522 adit
1383 2458 1709 2541 consules,
1757 2457 2201 2541 cognitionem

296 2585 349 2625 ιε
369 2568 627 2627 senatus
681 2562 909 2647 poscit.
998 2568 1064 2626 et
1108 2568 1421 2627 vocantur
1462 2566 1710 2645 patres,
1769 2559 1993 2625 addito
2042 2581 2198 2625 con-

369 2666 738 2732 sultandum
781 2687 975 2751 super
1019 2687 1090 2731 re
1135 2687 1374 2750 magna
1420 2669 1485 2729 et
1530 2665 1753 2731 atroci.
1848 2729 1852 2734 .

499 2772 604 2834 29.
670 2770 836 2836 Libo
881 2771 1140 2836 interim
1183 2777 1367 2836 veste
1414 2774 1663 2835 mutata
1706 2791 1854 2835 cum
1897 2769 2197 2854 primori-

366 2876 485 2939 bus
515 2874 768 2939 feminis
802 2874 1138 2940 circumire
1172 2874 1425 2958 domos,
1461 2894 1644 2939 orare
1668 2873 1933 2957 adfines,
1961 2894 2199 2939 vocem

365 2979 711 3045 adversum
754 2980 1042 3063 pericula
1084 2999 1357 3064 poscere
1379 3030 1395 3063 ,
1454 2978 1883 3044 abnuentibus
1930 2980 2197 3064 cunctis,

366 3108 509 3151 cum
543 3085 800 3151 diversa
829 3085 1351 3170 praetenderent,
1397 3084 1628 3149 eadem
1654 3084 2021 3150 formidine.
2086 3084 2195 3151 die

324 3215 348 3252 5
366 3196 626 3255 senatus
669 3194 848 3252 metu
896 3195 962 3252 et
1005 3188 1411 3271 aegritudine
1452 3189 1658 3253 fessus
1690 3189 1845 3272 sive,
1891 3195 1965 3253 ut
1994 3189 2193 3254 tradi-

367 3295 521 3359 dere
570 3292 866 3378 quidam,
913 3294 1214 3357 simulato
1262 3292 1489 3359 morbo
1534 3294 1766 3359 lectica
1810 3293 2062 3358 delatus
2108 3296 2193 3360 ad

365 3396 538 3461 fores
585 3396 798 3460 curiae
844 3395 1216 3480 innisusque
1262 3397 1440 3461 fratri
1488 3402 1553 3461 et
1582 3418 1809 3461 manus
1840 3419 1914 3462 ac
1946 3400 2191 3483 suppli-
