2467 3900
690 259 766 298 AB
794 259 1044 300 EXGESSU
1073 261 1201 300 DIVI
1226 260 1483 300 AUGUSTI
1508 261 1580 299 111
1606 260 1773 300 58—62.
2031 255 2142 312 149

323 417 661 483 criminum
704 420 1223 504 receptabantur.
1285 441 1408 484 nec
1439 420 1644 485 ullum
1673 420 1840 490 satis,
1859 419 2142 488 validum

320 522 664 606 imperium
725 523 1101 588 coercendis
1160 524 1586 590 seditionibus
1631 524 1858 610 populi
1900 524 2144 609 flagitia

316 626 651 690 hominum
682 635 752 691 ut
784 629 1207 692 caerimonias
1241 629 1436 692 deum
1469 630 1894 714 protegentis.
1947 629 2144 710 igitur
2161 645 2211 684 10

320 729 627 814 placitum
666 738 739 795 ut
780 732 1114 798 mitterent
1144 733 1438 798 civitates
1477 733 1618 797 iura
1646 738 1840 818 atque
1870 732 2140 816 legatos.

320 843 387 900 et
432 836 749 921 quaedam
794 837 970 920 quod
1016 837 1176 902 falso
1214 845 1688 922 usurpaverant
1719 846 1951 923 sponte
1985 837 2141 901 omi-

319 961 495 1022 sere3
543 941 783 1007 multae
818 943 1091 1006 vetustis
1136 942 1703 1026 superstitionibus
1743 949 1854 1006 aut
1895 941 2140 1008 meritis

314 1045 383 1109 in
428 1045 740 1132 populum
782 1045 1151 1111 Romanum
1194 1044 1505 1111 fidebant.
1593 1066 1954 1130 magnaque
2001 1048 2140 1110 eius

318 1149 449 1215 diei
494 1152 765 1235 specieS,
812 1171 940 1236 quo
989 1156 1250 1216 senatus
1293 1152 1612 1215 maiorum
1655 1150 1987 1233 beneficia,
2034 1164 2209 1215 so-15

316 1252 563 1314 ciorum
607 1257 814 1335 pacta,
860 1271 1091 1334 regum
1134 1252 1331 1316 etiam
1375 1253 1484 1337 qui
1529 1262 1680 1318 ante
1724 1255 1856 1318 vim
1897 1254 2138 1320 Roma·-

315 1374 465 1417 nam
496 1353 833 1418 valuerant
871 1354 1133 1421 decreta
1164 1357 1586 1442 ipsorumque
1618 1359 1952 1424 numinum
1989 1359 2137 1423 reli·-

314 1459 545 1542 giones
588 1460 1000 1546 introspexit,
1046 1461 1278 1544 libero,
1325 1468 1398 1526 ut
1443 1461 1787 1547 quondam,
1837 1464 1992 1548 quid
2034 1463 2137 1528 fir-

312 1571 524 1628 maret
565 1571 948 1630 mutaretve.

446 1669 549 1733 61.
595 1669 800 1736 Primi
832 1673 1119 1736 omnium
1146 1673 1419 1757 Ephesii
1455 1672 1675 1740 adiere
1707 1681 2138 1738 memorantes

310 1792 463 1854 non,
510 1777 581 1836 ut
608 1773 837 1858 vulgus
869 1772 1185 1856 crederet,
1230 1775 1508 1840 Dianam
1540 1785 1732 1861 atque
1763 1774 2139 1860 Apollinem

310 1873 481 1940 Delo
530 1877 819 1963 genitos:
882 1898 1023 1942 esse
1069 1878 1248 1965 apud
1293 1900 1361 1943 se
1411 1878 1818 1944 Cenchreum
1863 1897 2136 1961 amnem,

311 1979 527 2044 lucum
558 1980 917 2067 Ortygiam,
966 1984 1076 2048 ubi
1104 1982 1423 2048 Latonam
1451 1984 1734 2049 edidisse
1767 2006 1844 2051 ea
1876 1986 2138 2052 numina

314 2082 711 2169 deorumque
748 2087 999 2151 monitu
1039 2095 1360 2152 sacratum
1397 2109 1643 2153 nemus.
1703 2094 1896 2173 atque
1927 2090 2138 2173 ipsum
2155 2109 2180 2146 ⁵

310 2188 441 2253 illic
498 2190 875 2273 Apollinem
937 2198 1087 2276 post
1148 2192 1526 2257 interfectos
1589 2192 1906 2278 Cyclopas
1960 2192 2137 2257 Iovis

310 2294 473 2355 iram
517 2293 841 2359 vitavisse.
916 2316 1073 2359 mox
1116 2295 1426 2369 Liberum
1471 2305 1746 2382 patrem,
1789 2296 1964 2363 bello
2002 2298 2134 2361 vic-

312 2404 541 2476 torem,
600 2398 1001 2483 supplicibus
1056 2400 1462 2477 Amazonum
1481 2452 1499 2485 ,
1563 2424 1731 2487 quae
1798 2424 1976 2467 aram
2037 2404 2134 2467 in-

310 2501 635 2585 sederant,
681 2503 1070 2587 ignovisse„
1122 2514 1378 2570 auctam
1423 2506 1576 2571 hinc
1619 2527 1930 2573 concessu
1962 2507 2134 2573 Her-

311 2606 491 2687 culis,
538 2628 684 2671 cum
727 2606 937 2693 Lydia
982 2616 1338 2695 poteretur,
1387 2612 1846 2677 caerimoniam
1891 2612 2131 2697 templo
2154 2636 2204 2675 10

306 2731 521 2794 neque
586 2711 945 2782 Persarum
995 2714 1254 2781 dicione
1318 2716 1724 2781 deminutum
1785 2718 1916 2798 ius3
1985 2724 2132 2803 post

306 2814 723 2899 Macedonas,
774 2817 925 2884 dein
968 2841 1089 2884 nos
1134 2822 1520 2892 servavisse.

443 2921 544 2985 62.
613 2921 907 2988 Proximi
966 2926 1085 2989 hos
1144 2926 1490 3011 Magnetes
1553 2927 1630 2993 L.
1687 2927 2008 3012 Scipionis
2066 2930 2133 2991 et

305 3023 384 3089 L.
428 3023 647 3089 Sullae
680 3028 1061 3093 constitutis
1092 3031 1486 3114 nitebantur,
1535 3052 1813 3117 quorum
1850 3030 1960 3094 ille
1993 3029 2130 3093 An·-

306 3127 545 3210 tioch0,
590 3129 695 3193 hic
724 3130 1101 3205 Mithridate
1132 3134 1338 3219 pulsis
1377 3134 1576 3199 fidem
1605 3141 1797 3219 atque
1829 3135 2131 3200 virtutem

305 3230 682 3314 Magnetum
728 3233 1143 3321 decoravere,
1188 3240 1284 3304 uti
1327 3237 1584 3308 Dianae
1620 3238 2132 3324 Leucophrynae

306 3336 675 3421 perfugium
705 3339 1079 3407 inviolabile
1112 3343 1303 3408 foret.
1369 3342 1922 3429 Aphrodisienses
1952 3351 2171 3428 post-5

305 3439 427 3505 hac
474 3449 542 3514 et
585 3441 1100 3511 Stratonicenses
1163 3446 1497 3511 dictatoris
1546 3447 1841 3514 Caesaris
1889 3448 1972 3513 ob
2016 3469 2128 3515 ve·
2187 3516 2194 3521 ,
