2467 3900
411 162 488 218 22
908 149 910 153 ’
1061 165 1338 208 CORNELII
1363 165 1558 204 mom

413 329 647 389 tantur.
725 322 1041 404 utendum
1087 321 1507 406 inclinatione
1555 343 1633 386 ea
1678 321 1915 386 Caesar
1960 327 2028 385 et
2068 340 2249 404 quae

337 491 342 496 .
416 448 612 499 casus*
648 426 968 492 obtulerat
1011 427 1079 490 in
1125 427 1506 510 sapientiam
1538 423 1853 490 vertenda
1896 425 2253 489 ratus-cir-

346 556 396 595 ιε
417 531 642 596 cumiri
688 531 970 595 tentoria
1011 530 1226 594 iubet:
1292 531 1536 595 accitur
1596 529 1885 594 centurio
1936 528 2255 595 Clemens

417 642 482 701 et
528 637 581 700 si
606 635 733 711 ‚alii
775 633 964 700 bonis
1011 635 1255 698 artibus
1300 634 1467 717 grati
1512 634 1577 697 in
1620 633 1871 718 vulgus.
1942 633 2027 699 2hi
2071 633 2251 717 vigi-

413 741 516 804 liis
580 739 961 806 stationibus
1033 738 1342 804 custodiis
1403 744 1731 824 portarum
1796 759 1866 803 se
1927 739 2251 819 inserunt,

412 866 598 931 spem
629 845 928 920 offerunt,
958 850 1202 906 metum
1227 841 1588 906 intendunt.
1633 862 1781 926 ‚quo
1808 861 2011 925 usque
2034 841 2251 905 filium

413 948 820 1034 imperatoris
853 946 1342 1011 obsidebimus?
1390 945 1530 1030 quis
1577 947 1998 1011 certaminum
2031 946 2190 1010 finis
2214 947 2249 1009 P

346 1071 398 1112 20
414 1052 858 1117 Percennione
939 1056 1006 1115 et
1068 1049 1395 1116 Vibuleno
1474 1055 1945 1139 sacramentum
2008 1049 2251 1113 dicturi

416 1157 682 1221 sumus?
745 1154 1142 1220 Percennius
1190 1159 1256 1217 et
1298 1152 1663 1218 Vibulenus
1708 1152 2031 1237 stipendia
2067 1152 2253 1216 ‘mili-

415 1261 606 1342 tibus,
652 1281 842 1345 agros
875 1259 1161 1324 emeritis
1202 1258 1603 1342 largientur?
1651 1257 1929 1340 denique
1957 1255 2249 1341 proNe-

417 1365 680 1429 ronibus
741 1370 806 1428 et
848 1363 1079 1428 Drusis
1137 1363 1480 1446 imperium
1540 1362 1765 1447 populi
1808 1360 2089 1426 Romani
2136 1383 2248 1426 ca-

415 1475 679 1554 pessent
694 1468 731 1531 ‘R
772 1467 924 1551 quin
954 1467 1192 1552 potius,
1233 1476 1305 1531 ut
1348 1465 1681 1532 novissimi
1726 1467 1792 1530 in
1830 1466 2105 1551 culpam,
2148 1467 2249 1534 ita

346 1591 398 1628 25
414 1571 605 1656 primi
648 1570 732 1636 ad
776 1570 1284 1655 paenitentiam?
1348 1570 1532 1634 tarda
1576 1581 1740 1654 quae
1785 1570 1850 1633 in
1896 1590 2248 1635 commune

417 1675 940 1760 expostulantur:
987 1673 1303 1763 privatam
1346 1675 1620 1759 gratiam
1666 1673 1883 1737 statim
1926 1694 2249 1756 mereare,

415 1778 630 1841 statim
675 1775 990 1862 recipias.‘
1061 1779 1401 1842 commotis
1444 1798 1562 1862 per
1605 1778 1765 1841 haec
1812 1776 2135 1842 mentibus
2179 1786 2249 1842 et

414 1881 586 1945 inter
628 1900 698 1944 se
744 1880 1079 1965 suspectiS,
1131 1881 1410 1946 tironem
1458 1901 1495 1944 a
1538 1886 1868 1963 veterano,
1912 1880 2243 1966 legionem

416 2006 455 2049 a
496 1986 758 2069 legione
806 1986 1171 2052 dissociant.
1268 1994 1405 2051 tum
1451 1987 1661 2052 redire
1706 1987 2016 2071 paulatim
2062 2009 2247 2053 amor

347 2110 399 2149 so
415 2089 742 2173 obsequii:
791 2089 1094 2153 omittunt
1142 2097 1382 2172 portas,
1432 2090 1615 2173 signa
1658 2109 1855 2154 unum
1904 2089 1971 2155 in
2022 2090 2243 2157 locum

414 2193 729 2279 principio
807 2192 1143 2258 seditionis
1219 2200 1611 2277 congregata
1684 2214 1831 2258 suas
1904 2194 1971 2258 in
2049 2194 2245 2259 sedes

417 2298 722 2362 referunt.

549 2401 652 2465 29.
698 2400 949 2465 Drusus
982 2405 1125 2464 orto
1159 2398 1266 2464 die
1299 2405 1365 2464 et
1394 2392 1625 2479 vocata
1662 2399 1986 2483 contione,
2020 2420 2244 2484 quam·

419 2523 611 2587 quam
656 2503 834 2568 rudis
897 2502 1188 2586 dicendi,
1252 2504 1594 2569 nobilitate
1652 2504 1940 2587 ingenita
1995 2503 2248 2569 incusat

418 2606 668 2691 priora,
729 2607 962 2691 probat
1021 2606 1430 2692 praesentia3
1490 2612 1687 2691 negat
1744 2627 1814 2671 se
1869 2613 2117 2673 terrore
2180 2616 2246 2672 et.

420 2710 612 2775 minis
664 2709 865 2775 vinci:
925 2710 1132 2776 flexos
1191 2712 1275 2776 ad
1333 2711 1719 2777 modestiam
1776 2712 1832 2775 si
1890 2711 2142 2795 videat,
2190 2714 2246 2777 si

377 2840 403 2878 s
421 2814 740 2899 supplices
778 2812 1014 2897 audiat,
1058 2813 1443 2898 scripturum
1486 2814 1657 2899 patri
1699 2820 1773 2878 ut
1816 2814 2106 2899 placatus
2149 2816 2245 2881 le·

418 2919 684 3001 gionum
729 2938 956 3001 preces
991 2918 1341 3003 exciperet.
1422 2919 1751 2984 orantibus
1781 2941 2031 2987 rursum
2068 2921 2244 2987 idem

418 3020 690 3085 Blaesus
748 3027 814 3085 et
869 3020 944 3085 L.
1004 3020 1334 3107 Apronius
1393 3043 1594 3106 eques
1651 3023 1985 3089 Romanus
2045 3046 2080 3090 e
2140 3045 2247 3089 co·

420 3124 607 3190 horte
678 3124 876 3189 Drusi
947 3124 1293 3210 Iustusque
1356 3126 1665 3191 Catonius
1737 3128 1928 3212 primi
2002 3127 2246 3193 ordinis

422 3230 713 3295 centurio
771 3228 853 3293 ad
895 3229 1226 3295 Tiberium
1285 3229 1642 3295 mittuntur.
1731 3238 2047 3295 certatum
2091 3231 2245 3295 inde

353 3355 404 3394 ιο
420 3331 774 3414 sententiis,
819 3351 964 3397 cum
1010 3331 1120 3395 alii
1153 3330 1589 3417 opperiendos
1633 3331 1885 3415 legatos
1917 3338 2109 3417 atque
2148 3333 2244 3396 in·

2430 628 2438 649 ι

2433 670 2443 699 l

2446 999 2455 1034 d

2434 1088 2455 1840 1

2411 1841 2455 1995 4¹
