2467 3900
520 269 525 273 ·
644 260 719 298 AB
747 261 1000 301 Excnssu
1027 261 1156 300 nrvr
1182 259 1442 300 Aueus'rr
1465 259 1536 298 111
1561 259 1732 299 36-40.
1986 251 2099 308 135

274 417 408 502 igni
465 419 877 487 interdictum
932 443 1047 486 reo
1110 421 1607 508 adpositumque
1651 426 1723 484 ut
1767 425 2098 485 teneretur

272 523 481 586 insula
523 545 735 609 neque
767 525 1188 591 Macedoniae
1225 546 1436 610 neque
1468 523 1823 590 Thraeciae
1858 547 2093 612 oppor-

274 632 447 719 tuna.
535 649 683 693 nam
728 629 1045 694 Thraecia
1092 629 1294 695 diviso
1345 629 1615 713 imperio
1663 629 1729 693 in
1769 628 2097 695 Rhoeme-

275 734 487 796 talcen
533 737 599 797 et
641 732 881 798 liberos
930 734 1186 819 Cotyis,
1233 735 1373 818 quis
1422 734 1502 800 ob
1546 735 1879 800 infantiam
1920 741 2096 800 tutor

275 836 719 902 Trebellienus
748 835 976 919 Rufus,
1019 837 1363 903 insolentia
1404 839 1609 902 nostri
1653 839 1896 904 discors
1942 860 2095 925 age·
2117 862 2168 902 15

274 941 386 1006 bat
440 962 651 1026 neque
699 941 910 1007 minus
954 941 1466 1007 Rhoemetalcen
1513 963 1701 1027 quam
1744 944 2096 1010 Trebellie·

278 1069 431 1111 num
485 1047 782 1111 incusans
828 1047 1237 1132 popularium
1280 1047 1542 1112 iniurias
1586 1049 1822 1112 inultas
1867 1049 2097 1114 sinere.

281 1151 654 1215 Coelaletae
700 1150 1120 1234 Odrusaeque
1168 1156 1234 1215 et
1277 1151 1421 1234 Dii,
1477 1151 1728 1216 validae
1785 1151 2099 1234 nationes,

276 1277 455 1319 arma
500 1275 731 1340 cepere
782 1254 1047 1319 ducibus
1095 1254 1364 1320 diversis
1411 1259 1476 1319 et
1520 1254 1777 1339 paribus
1817 1255 1985 1318 inter
2029 1276 2098 1319 se

279 1380 396 1443 per
426 1358 928 1442 ignobilitatem3
978 1379 1139 1442 quae
1185 1379 1375 1423 causa
1411 1379 1492 1424 ne
1528 1359 1596 1422 in
1632 1359 1873 1423 bellum
1912 1363 2168 1422 atrox20

279 1461 734 1527 coalescerent.
825 1483 973 1547 pars
1016 1463 1278 1527 turbant
1322 1463 1714 1548 praesentia,
1761 1463 1869 1527 alii
1913 1484 2096 1527 mon-

278 1573 412 1631 tem
442 1564 767 1630 Haemum
797 1566 1374 1650 transgrediuntur,
1404 1571 1478 1630 ut
1507 1572 1790 1632 remotos
1820 1566 2097 1652 populos

282 1670 642 1752 concirent3
701 1671 958 1756 plurimi
1015 1692 1090 1735 ac
1148 1672 1431 1736 maxime
1479 1670 1818 1756 compositi
1872 1692 2096 1756 regem

279 1776 633 1859 urbemque
685 1775 1223 1860 Philippopolim,
1284 1797 1323 1839 a
1378 1773 1738 1839 Macedone
1795 1774 2095 1861 Philippo

280 1881 371 1945 sic
418 1881 675 1964 dictam,
722 1880 1201 1945 circumsidunt.
2115 1903 2166 1941 25

411 1988 514 2051 39.
585 1986 765 2060 Quae
824 1985 937 2050 ubi
996 1986 1256 2069 cognita
1297 1984 1372 2050 P.
1418 1984 1692 2049 Vellaeo
1756 1982 1835 2065 (is
1879 1984 2100 2069 proxi-

277 2112 454 2154 mum
502 2090 861 2155 exercitum
906 2089 1379 2174 praesidebat),
1440 2089 1674 2154 alarios
1733 2090 1982 2174 equites
2028 2110 2104 2153 ao

278 2194 441 2258 levis
488 2194 849 2258 cohortium
885 2194 1079 2258 mittit
1124 2195 1187 2257 in
1222 2215 1337 2259 eos
1379 2194 1488 2278 qui
1519 2193 1960 2279 praedabundi
1995 2199 2103 2258 aut

280 2295 695 2361 adsumendis
741 2297 999 2361 auxiliis
1043 2299 1464 2381 vagabantur,
1510 2298 1650 2384 ipse
1690 2299 1887 2363 robur
1921 2298 2104 2384 pedi-

280 2405 417 2463 tum
475 2400 558 2464 ad
618 2401 1088 2466 exsolvendum
1137 2403 1457 2467 obsidium
1502 2404 1697 2469 ducit.
1789 2405 2144 2488 simulque5

281 2508 514 2569 cuncta
554 2524 867 2589 prospere
914 2511 1056 2570 acta
1102 2507 1306 2571 caesis
1351 2508 1842 2593 populatoribus
1879 2514 1943 2573 et
1977 2507 2103 2571 dis-

281 2610 578 2674 sensione
621 2612 762 2673 orta
792 2608 964 2695 apud
996 2610 1364 2676 obsidentes
1406 2612 1709 2696 regisque
1741 2616 2104 2697 opportuna

282 2714 619 2800 eruptione
670 2718 735 2777 et
780 2713 1063 2778 adventu
1106 2716 1408 2799 legionis,
1487 2737 1698 2800 neque
1744 2715 1948 2779 aciem
1993 2723 2103 2780 aut

279 2817 595 2904 proelium
661 2817 786 2881 dici
832 2816 1155 2901 decuerit,
1214 2818 1282 2883 in
1340 2839 1464 2903 quo
1527 2819 1824 2884 semermi
1867 2840 1942 2884 ac
1987 2841 2099 2904 pa-

277 2922 485 2987 lantes
528 2921 832 2986 trucidati
876 2922 1012 2987 sine
1056 2927 1280 2987 nostro
1329 2922 1658 3007 sanguine.
2123 2946 2170 2984 10

406 3027 511 3089 40.
558 3025 811 3089 Eodem
843 3047 1009 3090 anno
1039 3026 1393 3093 Galliarum
1425 3026 1714 3092 civitates
1747 3026 1827 3092 ob
1852 3025 2097 3109 magni·
2201 3056 2204 3059 ⁴

276 3130 566 3195 tudinem
598 3130 764 3194 aeris
796 3131 989 3195 alieni
1018 3131 1442 3197 rebellionem
1476 3138 1880 3215 coeptavere,
1921 3130 2098 3194 cuius

278 3234 725 3299 exstimulator
768 3234 1115 3299 acerrimus
1154 3234 1323 3298 inter
1352 3234 1672 3300 Treveros
1706 3233 1910 3298 Iulius
1940 3234 2095 3299 Flo·

275 3358 403 3418 rus,
450 3337 621 3422 apud
666 3335 935 3403 Aeduos
979 3338 1181 3403 Iulius
1227 3338 1543 3405 Sacrovir.
1616 3336 1913 3400 nobilitas
1959 3357 2093 3400 am-

274 3441 481 3506 bobus
553 3447 619 3505 et
680 3443 994 3508 maiorum
1062 3443 1232 3507 bona
1299 3443 1468 3507 facta
1529 3462 1736 3525 eoque
1797 3441 2134 3509 Romanas

1700 3540 1778 3595 8*
