2467 3900
681 212 757 252 AB
786 213 1041 256 EXGESSU
1066 214 1199 254 DIVI
1224 214 1482 256 AUGUS'H
1507 216 1555 256 11
1581 215 1750 256 ’.Ἃ-56.
2050 213 2126 271 93

287 379 641 459 possetque
674 371 969 438 interitus
992 372 1235 438 inimici
1257 373 1342 438 ad
1367 378 1581 440 casum
1604 375 1850 458 referri,
1877 377 2128 442 miserit

285 477 571 544 triremis
630 480 901 562 quarum
956 476 1244 542 subsidio
1309 478 1657 545 discrimini
1712 480 2124 548 eximeretur.

282 603 501 667 neque
560 587 780 648 tamen
838 581 1167 665 mitigatus
1211 583 1368 647 Piso
1431 587 1496 649 et
1545 585 1658 649 vix
1705 585 1836 650 diei
1878 597 2198 652 moranno

281 707 637 772 perpessus
690 687 921 772 linquit
969 684 1425 754 Germanicum
1483 689 1969 774 praevenitque.
2063 697 2130 774 et

280 797 630 876 postquam
684 790 937 877 Syriam
994 811 1097 855 ac·
1127 790 1423 874 legiones
1483 793 1726 877 attigit,
1784 795 2156 879 largitione·
2181 845 2192 858 .,

272 894 873 979 ·a1nbitu,·'infimos
918 895 1412 979 manipularium
1441 895 1772 980 'iuvand0,
1822 918 1966 962 cum
2013 920 2126 964 ve-

281 1005 461 1064 teres
532 1001 978 1082 centuriones,
1028 1021 1318 1065 ,severos
1386 1001 1680 1066 tribunos
1751 1001 2128 1069 demoveret

281 1105 563 1189 locaque
598 1126 823 1169 eorum
856 1105 1195 1170 clientibus
1226 1105 1359 1169 suis
1386 1105 1492 1170 vel
1525 1105 1869 1171 deterrimo
1897 1108 2125 1193 cuique
2145 1133 2195 1172 25

285 1207 691 1292 attribueret,
741 1207 1057 1276 desidiam
1083 1209 1169 1272 -in
1207 1211 1452 1292 castris,
1497 1209 1824 1274 licentiam
1852 1211 1920 1274 in
1951 1212 2125 1276 urbi-

282 1313 443 1396 bus,
506 1334 743 1397 vagum
800 1334 873 1378 ac
931 1313 1374 1379 lascivientem
1431 1335 1550 1399 per
1607 1335 1798 1398 agros
1855 1315 2124 1380 militem

285 1418 560 1500 sineret,
619 1437 697 1482 eo
745 1438 949 1503 usque
998 1417 1427 1502 corruptionis
1469 1423 1818 1502 provectus
1865 1424 1994 1500 est,
2054 1425 2126 1483 ut

287 1542 589 1586 sermone
647 1521 827 1606 vulgi
882 1541 1134 1606 parens.
1168 1520 1503 1606 legionum
1545 1521 1913 1587 haberetur.
2003 1543 2124 1588 nec

284 1626 600 1691 Plancina
662 1646 731 1690 se
792 1625 963 1690 intra
1028 1624 1266 1691 decora
1325 1626 1580 1691 feminis
1643 1628 1948 1712 tenebat,
2005 1628 2124 1694 sed
2140 1651 2191 1691 so

289 1730 603 1796 exercitio
638 1730 945 1814 equitum,
970 1729 1361 1796 decursibus
1395 1732 1758 1798 cohortium
1787 1733 2121 1817 interesse,

285 1837 357 1901 in
378 1834 823 1922 Agrippinam,
855 1835 923 1898 in
950 1835 1407 1902 Germanicum
1439 1837 1859 1903 contumelias
1879 1837 2120 1921 iacere,

288 1939 673 2027 quibusdam
731 1939 926 2010 etiam
952 1945 956 1948 “
978 1940 1298 2006 bonorum
1343 1941 1618 2006 militum
1665 1939 1749 2004 ad
1791 1941 1964 2023 mala
2010 1941 2122 2006 ob·

288 2044 513 2128 sequia
544 2045 892 2129 'promptist,
939 2045 1115 2129 quod
1160 2045 1337 2111 haud
1381 2046 1580 2112 invito
1619 2045 2012 2129 imperatore
2044 2055 2124 2109 ea'

286 2148 426 2213 fieri
486 2148 775 2213 occultus
833 2168 1054 2212 rumor
1091 2148 1460 2214 incedebat*
1549 2154 1706 2213 nota
1748 2148 1908 2213 haec
1955 2149 2122 2213 Ger-
2136 2170 2190 2209 3³

285 2253 579 2336 manico,
648 2250 763 2317 sed
829 2252 1155 2337 praeverti
1222 2251 1306 2315 ad
1365 2251 1713 2316 Armenios
1760 2250 2124 2317 ‚instantior

290 2376 443 2421 cura
491 2354 631 2420 fuit.
1911 2366 1914 2369 ’

419 2461 523 2525 56.
569 2459 897 2545 Ambigua
938 2481 1101 2545 gens
1147 2481 1226 2527 ea
1271 2448 1620 2545 antiquitus
1657 2460 1996 2530 hominum
2020 2460 2123 2525 in-'
2185 2516 2188 2521 .

223 2577 225 2579 ’
288 2566 496 2649 geniis
534 2571 601 2631 et
632 2566 757 2629 situ
786 2572 1121 2646 terrarum,
1170 2564 1475 2650 quoniam
1506 2565 1744 2629 nostris
1773 2564 2124 2649 provinciis,

285 2668 417 2733 late
454 2674 795 2755 praetenta
819 2670 1079 2756 penitus
1110 2670 1192 2734 ad
1221 2668 1462 2735 Medos.
1486 2668 1864 2753 porrigitur3
1910 2668 2118 2732 maxi-

286 2773 535 2859 misque
602 2774 889 2861 imperiis
951 2773 1273 2839 interiecti
1337 2778 1431 2837 et.
1467 2772 1723 2856 saepius
1789 2770 2120 2837 discordes

288 2883 437 2942 sunt
466 2877 776 2943 adversus
798 2878 1131 2945 Romanos
1162 2876 1314 2943 odio
1342 2882 1408 2940 et
1429 2877 1496 2939 in
1518 2875 1832 2940 Parthum
1856 2875 2116 2940 invidia.
2136 2898 2162 2937 5

287 3001 511 3064 regem
530 2981 643 3048 illa
664 2987 1051 3067 tempestate
1061 3001 1202 3045 ‘non
1222 2981 1548 3045 habebant
1569 2987 1785 3045 amoto
1805 2980 2116 3046 Vonone:

287 3083 405 3150 sed
434 3084 618 3151 favor
642 3086 921 3151 nationis
952 3086 1300 3151 inclinabat
1329 3086 1396 3151 in
1427 3086 1779 3169 Zenonem,
1809 3085 2114 3149 Polemo-.-

286 3190 386 3255 nis
430 3190 606 3276 regis
633 3190 891 3280 Pontici
935 3190 1158 3273 filium,
1204 3188 1383 3273 quod
1411 3189 1468 3253 is
1498 3189 1706 3275 prima
1737 3190 1817 3254 ab
1846 3187 2116 3254 infantia

287 3282 590 3382 instituta!
625 3300 691 3359 et
722 3294 963 3359 cultum
994 3292 1452 3359 Armeniorum
1484 3291 1844 3373 aemulatus
1876 3299 2117 3359 venatu

288 3398 498 3483 epulis
570 3405 635 3463 et
703 3420 867 3483 quae
927 3397 1055 3469 alia
1108 3398 1368 3464 barbari
1419 3397 1758 3462 'celebrant
1811 3418 2114 3483 proceres
2131 3428 2184 3468 10
