2467 3900
659 255 735 294 AB
763 254 1017 296 EXGESSU
1042 251 1172 294 DIVI
1198 254 1455 296 AUGUSTI
1479 255 1550 294 111
1573 255 1743 296 43—4'7.
2001 251 2111 307 139

290 437 647 494 memorare
692 421 947 480 veteres
990 415 1326 480 Gallorum
1369 415 1606 500 glorias
1651 436 1945 500 quaeque
1977 415 2110 482 Ro-

288 521 493 586 manis
553 519 823 586 adv-ersa
878 519 1273 602 intulissent3
1335 541 1522 605 quam
1575 518 1812 585 decora
1853 521 2110 586 victori-

288 626 410 690 bus
452 624 743 706 libertas,
790 629 1026 708 quanto
1072 625 1520 690 intolerantior
1564 625 1836 690 servitus
1880 626 2114 690 iterum
2133 650 2183 688 15

290 731 497 796 victis.

420 836 523 898 46.
586 835 739 900 Non
798 833 910 897 diu
964 833 1125 898 haec
1178 854 1302 898 nec
1355 831 1530 918 apud
1574 832 1814 897 laetos:
1875 833 2115 898 etenim

292 937 761 1024 propinquabat
805 935 1136 1020 legionum
1179 937 1353 1001 acies
1396 937 1836 1022 inconditique
1881 959 1956 1002 ac
1995 939 2113 1001 mi-

286 1042 466 1106 litiae
510 1040 711 1105 nescii
758 1038 1065 1124 oppidani
1107 1060 1318 1122 neque
1366 1040 1568 1105 oculis
1610 1061 1822 1125 neque
1858 1041 2117 1106 auribus

290 1145 443 1210 satis
490 1143 941 1228 conpetebant.
1019 1149 1243 1208 contra
1286 1142 1500 1226 Silius,
1544 1143 1666 1207 etsi
1705 1149 2118 1229 praesumpta

291 1269 440 1334 spes
484 1245 787 1311 hortandi
831 1266 1053 1310 causas
1100 1252 1452 1328 exemerat,
1502 1246 1866 1311 clamitabat
1899 1254 2114 1312 tamen
2137 1270 2162 1306 5

290 1351 670 1438 pudendum
723 1351 879 1436 ipsis
925 1350 1098 1435 quod
1146 1350 1636 1416 Germaniarum
1681 1350 1961 1416 victores
2005 1351 2116 1414 ad-

293 1477 553 1521 versum
614 1455 837 1520 Gallos
894 1459 1219 1538 tamquam
1275 1454 1340 1518 in
1397 1454 1654 1518 hostem
1711 1455 2116 1518 ducerentur.

292 1583 441 1642 ,una
494 1582 701 1646 nuper
761 1561 991 1626 cohors
1046 1559 1360 1625 rebellem
1413 1559 1775 1650 Turonum,
1835 1579 1963 1622 una
2019 1558 2121 1622 ala

293 1665 677 1744 Treverum,
734 1685 978 1750 paucae
1022 1663 1210 1728 huius
1256 1663 1456 1748 ipsius
1502 1663 1825 1736 exercitus
1869 1669 2118 1728 turmae

294 1771 721 1855 profligavere
766 1770 1120 1854 Sequanos,
1212 1773 1451 1853 quanto
1512 1766 1786 1850 pecunia
1841 1766 2008 1831 dites
2055 1773 2121 1831 et
2138 1792 2189 1830 ιο

293 1874 731 1960 voluptatibus
778 1874 1142 1959 opulentos,
1190 1877 1369 1937 tanto
1417 1871 1622 1957 magis
1667 1870 1940 1934 inbelles
1983 1869 2117 1935 Ae-

298 1979 459 2043 duos
527 1979 800 2045 evincite
868 1982 933 2041 et
988 1976 1386 2061 fugientibus
1449 1972 1806 2039 consulite.‘
1894 1974 2121 2059 ingens

294 2080 377 2146 ad
438 2104 516 2147 ea
574 2082 845 2161 clamor3
886 2074 974 2145 'et
1020 2078 1423 2145 circumfudit
1469 2098 1668 2162 eques
1713 2078 2120 2163 frontemque

209 2202 219 2211 ·
293 2185 546 2269 pedites
619 2185 947 2265 invasere3
1019 2204 1141 2248 nec
1216 2187 1580 2247 cunctatum
1655 2180 1828 2266 apud
1898 2182 2120 2247 latera.

296 2288 559 2373 paulum
620 2308 842 2351 morae
870 2287 1181 2355 attulere
1245 2287 1467 2352 ferrati
1521 2286 1908 2351 restantibus
1963 2288 2119 2351 lam·
2141 2310 2188 2346 15

200 2412 203 2415 ⁴
296 2391 484 2454 minis
544 2390 887 2455 adversum
942 2391 1075 2475 pila
1132 2397 1198 2455 et
1256 2390 1538 2477 gladios3
1599 2396 1698 2454 set
1753 2391 1940 2456 miles
1985 2412 2121 2456 cor-

298 2494 496 2579 reptis
536 2494 870 2559 'securibus
917 2500 984 2559 et
1016 2494 1319 2577 dolabris,
1363 2501 1437 2558 ut
1466 2494 1520 2557 si
1548 2516 1802 2558 murum
1831 2515 2119 2579 perrum-

296 2604 499 2685 peret,
549 2596 820 2663 caedere
864 2597 1148 2682 tegmina
1186 2602 1252 2661 et
1284 2617 1584 2682 corpora3
1631 2598 1892 2681 quidam
1921 2600 2122 2663 trudi-

295 2704 417 2768 bus
460 2709 571 2788 aut
614 2702 807 2767 furcis
850 2702 1125 2767 inertem
1168 2701 1409 2765 molem
1453 2708 1862 2785 prosternere
1906 2702 2118 2768 iacen-

298 2814 524 2891 tesque
568 2806 745 2870 nullo
794 2807 877 2870 ad
907 2806 1380 2891 resurgendum
1408 2806 1553 2871 nisu
1583 2806 1766 2890 quasi
1797 2808 2123 2875 exanimes
2141 2834 2192 2873 20

296 2910 768 2995 linquebantur.
818 2909 1117 2975 Sacrovir
1140 2909 1348 2994 primo
1373 2908 1942 2995 Augustodunum,
1976 2912 2123 2975 dein

295 3020 476 3077 metu
523 3013 867 3077 deditionis
913 3014 978 3077 in
1024 3014 1243 3078 villam
1286 3013 1714 3099 propinquam
1759 3036 1904 3078 cum
1947 3014 2121 3078 fidis-

298 3116 472 3179 simis
517 3116 750 3203 pergit.
831 3117 961 3181 illic
1008 3139 1124 3182 sua
1167 3137 1380 3200 manu,
1425 3117 1658 3202 reliqui
1700 3118 1938 3182 mutuis
1981 3119 2120 3181 icti-

296 3219 417 3283 bus
466 3219 793 3285 occidere:
840 3220 1100 3285 incensa
1144 3242 1340 3306 super
1384 3220 1538 3285 villa
1584 3222 1911 3287 cremavit.

428 3324 532 3387 47.
597 3323 759 3388 Tum
808 3324 1069 3389 demum
1100 3325 1394 3390 Tiberius
1433 3330 1642 3388 ortum
1673 3331 2121 3413 patratumque

296 3425 537 3490 bellum
584 3432 809 3492 senatu
846 3428 1129 3514 scripsit3
1176 3449 1388 3513 neque
1423 3428 1703 3513 dempsit
1733 3436 1844 3494 aut
1872 3430 2124 3495 addidit
