2467 3900
669 214 743 253 AB
771 213 1019 254 EXOESSU
1040 213 1176 255 DIVI
1194 214 1459 256 ‘AUGUSTI
1487 215 1533 255 11
1561 216 1731 256 63-65.
2031 210 2106 267 99

271 371 779 438 Rhoemetalces
837 377 1172 455 tenuerat3
1232 393 1386 459 quo·
1421 371 1725 438 defuncto
1772 369 2106 456 Augustus

269 481 530 561 partem
562 475 1248 563 Rhescuporidissfratri
1281 477 1439 558 eius,
1469 481 1722 561 partem
1749 474 1880 538 filio
1913 474 2109 560 Cotyi
2127 496 2179 538 10

272 581 590 666 permisit.
676 581 745 645 in
804 581 1149 650 divisione.
1182 603 1337 648 arva
1397 588 1462 646 et
1517 581 1712 673 urbes
1773 587 1839 646 et
1896 580 2106 646 vicina

274 685 547 750 'Graecis
614 685 841 770 Cotyi,
886 687 1091 772 ·quod
1149 685 1463 751 incultum
1523 686 1714 752 ferox
1779 685 2106 750 adnexum

275 790 571 856 hostibus
584 789 1063 876 Rhescuporidi
1084 791 1307 856 cessit:
1334 790 1750 876 ipsorumque
1771 790 2106 873 ingenium

277 895 403 976 (illi
447 896 603 960 mite
650 917 1013 978 amoenum,
1057 897 1208 961 huic
1240 901 1429 960 atrox
1459 893 1746 976 avidum)
1779 894 2104 958 societatis

228 1074 243 1085 .
275 1001 596 1085 inpatiens
618 1007 777 1066 erat.
836 1000 954 1066 sed
975 1001 1183 1086 primo
1210 998 1486 1063 subdola
1505 997 1853 1063 concordia
1871 1019 2065 1083 egere
2085 1020 2101 1062 :
2123 1018 2174 1059 15

276 1125 435 1169 mox
464 1099 903 1190 Rhescuporis
936 1104 1163 1189 egredi
1191 1103 1373 1186 fineS,
1419 1108 1676 1167 vertere
1707 1088 1874 1167 inse
1909 1101 2104 1186 Cotyi

276 1209 429 1272 data
474 1213 541 1273 et
583 1209 909 1274 resistenti
954 1209 1086 1273 vim
1128 1199 1363 1291 facere,
1412 1210 1784 1272 cunctanter
1815 1205 1933 1270 sub
1962 1203 2102 1268 Au-

277 1319 489 1398 gust0,
537 1334 729 1398 quem
776 1319 1103 1379 auctorem
1134 1313 1470 1396 utriusque
1500 1310 1706 1395 regni,
1754 1310 1809 1374 si
1838 1329 2100 1394 sperne·

276 1424 475 1502 retur,
516 1419 847 1484 'vindicem
894 1417 1248 1482 metuebat.
1315 1418 1646 1481 enimvero
1695 1415 1916 1480 audita
1959 1434 2099 1478 mu-

278 1525 534 1589 tatione·
583 1523 889 1609 principis
946 1522 1275 1587 inmittere
1320 1523 1643 1586 latronum
1688 1519 1937 1604 globos,
1986 1541 2100 1584 ex·
2120 1537 2176 1579 20

278 1625 543 1690 cindere
590 1626 873 1708 castella,
924 1645 1147 1692 causas
1192 1624 1390 1690 bello.

282 1758 287 1764 ·
411 1731 512 1793 65.
576 1730 755 1794 Nihil
818 1751 1020 1813 aeque
1085 1729 1433 1795 Tiberium
1485 1718 1747 1793 anxium
1824 1727 2106 1792 habebat

277 1855 471 1920 quam
516 1856 600 1900 ne
647 1836 983 1922 conposita
1026 1835 1455 1900 turbarentur.
1525 1833 1752 1918 deligit
1782 1833 2101 1898 centurio-

275 1962 448 2023 nem,
496 1940 603 2026 qui
642 1929 971 2006 nuntiaret
1000 1939 1262 2025 regibus
1291 1960 1374 2005 ne
1403 1937 1598 2003 armis
1632 1937 2098 2023 disceptarent3

276 2044 620 2129 statimque
681 2066 720 2109 a
765 2044 973 2130 Cotye
1032 2043 1299 2109 dimissa
1357 2050 1506 2109 sunt
1551 2064 1714 2128 quae
1759 2047 2100 2127 paraverat
2151 2066 2154 2069 ·

276 2149 534 2213 auxilia.
597 2148 1039 2235 Rhescuporis
1085 2149 1234 2213 ficta
1277 2148 1600 2213 modestia
1627 2148 1912 2232 postulat
1945 2167 2144 2211 eun-5

278 2252 428 2317 dem
486 2254 555 2317 in
608 2254 845 2318 locum·
884 2254 1191 2319 coiretur:
1255 2272 1449 2338 posse
1510 2253 1591 2317 de
1647 2253 2101 2318 controversiis

274 2356 619 2442 conloquio
681 2357 970 2441 transigi.
1059 2377 1183 2423 nec
1242 2355 1352 2421 diu
1397 2356 1759 2421 dubitatum
1808 2355 1890 2421 de
1935 2362 2100 2422 tem-

276 2480 435 2545 pore
484 2460 663 2543 locO,
717 2460 869 2527 dein
914 2459 1438 2543 condicionibus,
1497 2481 1644 2525 cum
1689 2460 1851 2525 alter
1895 2460 2099 2525 facili-

274 2570 441 2649 tate,
502 2567 666 2631 alter
726 2565 951 2631 fraude
1018 2572 1248 2630 cuncta
1307 2566 1475 2631 inter
1509 2586 1606 2651 ,se
1667 2567 2100 2631 concederent

274 2672 791 2756 acciperentque.
864 2671 1305 2755 Rhescuporis
1335 2670 1702 2755 sanciendo,
1743 2675 1816 2735 ut
1849 2671 2100 2737 dictita·
2121 2692 2174 2733 10

272 2769 401 2857 bat,
447 2774 700 2841 foederi
731 2776 1097 2841 convivium
1137 2776 1337 2841 adicit
1365 2782 1696 2862 tractaque
1727 2777 1796 2842 in
1830 2778 2099 2843 multam

272 2887 533 2946 noctem
578 2880 823 2945 laetitia
866 2902 985 2967 per
1032 2881 1256 2965 epulas
1303 2901 1378 2945 ac
1423 2880 1843 2945 vinolentiam
1887 2881 2103 2946 incau-

271 2991 411 3049 tum
445 2984 658 3069 Cotyn
692 2989 778 3068 et,
825 2989 1170 3068 postquam
1202 2984 1426 3050 dolum
1455 2983 1888 3067 intellexerat,
1921 3004 2104 3049 sacra

270 3090 479 3175 regni,
528 3090 823 3155 eiusdem
867 3089 1147 3154 familiae
1183 3088 1346 3154 deos
1378 3088 1814 3175 ethospitalis
1846 3108 2102 3153 mensas

274 3193 710 3260 obtestantem
772 3193 1013 3257 catenis
1074 3198 1322 3258 onerat.
1417 3192 1867 3277 Thraeciaque
1929 3190 2105 3256 omni
2127 3212 2180 3253 ιε

271 3299 517 3385 potitus
562 3298 818 3384 scripsit
864 3298 947 3363 ad
974 3297 1305 3364 Tiberium
1352 3303 1624 3362 structas
1668 3294 1789 3359 sibi
1818 3293 2104 3379 insidias,

272 3408 701 3489 praeventum
743 3401 1221 3484 insidiatorem3
1270 3401 1461 3466 simul
1505 3400 1749 3465 bellum
1795 3400 2106 3465 adversus

1717 3498 1796 3556 6*

1883 3758 2216 3851 8951!
