2467 3900
638 238 713 278 AB
740 237 991 278 EXOESSU
1018 237 1147 276 DIVI
1174 237 1435 277 AUGUSTI
1459 237 1528 276 111
1558 235 1727 276 18—21.
1969 231 2080 286 125

395 395 499 459 20.
555 393 811 460 Eodem
874 416 1041 460 anno
1103 393 1499 478 Tacfarinas,
1573 414 1766 479 quem
1826 394 2083 478 pulsum

265 520 303 561 a
350 497 620 562 Camillo
682 501 1067 582 memoravi,
1130 499 1376 564 bellum
1432 500 1501 564 in
1542 497 1764 563 Africa
1815 506 2087 565 renovat

264 603 445 687 vagis
497 605 775 688 primum
819 604 1345 689 populationibus
1394 611 1460 669 et
1507 606 1589 670 ob
1636 605 2083 690 pernicitatem

263 708 482 772 inultis
502 757 519 790 ,
585 707 735 772 dein
801 710 979 772 vicos
1044 707 1458 791 exscindere,
1533 710 1792 773 trahere
1855 729 2084 793 graves

264 812 573 897 praedas3
631 818 959 898 postremo
1019 812 1194 876 haud
1239 814 1467 898 procul
1511 812 1782 899 Pagyda
1823 813 2128 876 flumine⁵

266 918 599 981 cohortem
620 915 982 981 Romanam
1010 915 1438 980 circumsedit.
1496 922 1794 1001 praeerat
1820 917 2084 982 castello

260 1021 537 1086 Decrius
580 1020 857 1106 impiger
902 1042 1113 1102 manU,
1160 1020 1483 1085 exercitus
1525 1020 1756 1084 militia
1801 1024 1868 1083 et
1909 1020 2087 1083 illam

264 1122 672 1189 obsidionem
727 1124 955 1208 flagitii
1011 1131 1207 1188 ratus.
1297 1124 1354 1188 is
1417 1125 1792 1188 cohortatus
1851 1123 2088 1188 milites

263 1234 335 1291 ut
380 1229 629 1313 copiam
692 1248 949 1313 pugnae
996 1229 1063 1292 in
1108 1234 1336 1314 aperto
1383 1229 1671 1295 facerent
1719 1229 1923 1293 aciem
1970 1250 2086 1313 pro

264 1331 486 1396 castris
530 1332 807 1396 instruit.
898 1331 1239 1417 primoque
1298 1331 1546 1417 impetu
1590 1333 1777 1417 pulsa
1821 1334 2088 1396 cohorte
2110 1347 2160 1385 10

264 1442 601 1522 promptus
645 1439 815 1502 inter
850 1439 983 1502 tela
1019 1444 1313 1502 occursat
1341 1437 1755 1521 fugientibus,
1800 1424 2092 1522 increpat

264 1540 605 1624 signiferos
652 1541 826 1626 quod
868 1542 1217 1608 inconditis
1263 1548 1376 1606 aut
1422 1541 1862 1607 desertoribus
1905 1542 2090 1606 miles

264 1643 595 1710 Romanus
644 1651 829 1730 terga
875 1646 1092 1732 daret3
1133 1647 1347 1714 simul
1392 1652 1664 1733 excepta
1703 1647 1982 1711 vvulnera
2027 1653 2093 1710 et

269 1771 655 1834 quamquam
698 1751 1051 1814 transfosso
1103 1750 1291 1815 oculo
1331 1749 1676 1815 adversum
1709 1771 1780 1814 os
1817 1748 2094 1814 intendit

265 1875 477 1939 neque
534 1854 855 1938 proelium
901 1853 1145 1936 omisit,
1213 1852 1423 1918 donec
1471 1853 1762 1917 desertus
1809 1851 2092 1916 caderet.
2113 1871 2164 1910 15

396 1958 501 2021 21.
561 1958 741 2032 Quae
787 1963 1131 2043 postquam
1158 1957 1234 2021 L.
1266 1957 1560 2043 Apronio
1603 1953 1783 2039 (nam
1821 1956 2092 2021 Camillo

268 2058 691 2141 successerat)
754 2066 1119 2145 comperta,
1180 2062 1418 2145 mag-is
1454 2060 1776 2125 dedecore
1835 2082 2098 2125 suorum

268 2186 462 2249 quam
520 2164 731 2245 gloria
784 2164 989 2228 hostis
1040 2166 1272 2229 anxius
1293 2215 1310 2248 ,
1370 2186 1513 2229 raro
1576 2185 1653 2229 ea
1709 2171 2096 2249 tempestate

270 2275 337 2332 et
382 2288 417 2331 e
464 2272 687 2332 vetere
735 2268 1049 2332 memoria
1076 2268 1363 2333 facinore
1403 2269 1746 2333 decumum
1776 2289 2095 2353 quemque

271 2370 741 2453 ignominiosae
806 2372 1091 2435 cohortis
1150 2379 1326 2437 sorte
1387 2373 1616 2437 ductos
1676 2372 1829 2437 fusti
1887 2379 2140 2439 necat.5

272 2478 651 2557 tantumque
730 2476 1075 2539 severitate
1151 2476 1552 2561 profectum,
1641 2482 1714 2539 ut
1786 2477 2100 2541 vexillum

212 2646 215 2649 .
271 2583 757 2661 veteranorum,
821 2599 955 2643 non
1014 2580 1291 2664 amplius
1349 2600 1542 2663 quam
1603 2579 1936 2663 quingenti
1977 2602 2096 2644 nu·

273 2703 474 2766 merc,
522 2683 785 2747 easdem
824 2682 1244 2748 Tacfarinatis
1293 2684 1510 2768 copias
1556 2683 1952 2767 praesidium
1997 2686 2099 2750 cui

271 2786 477 2851 Thala
538 2807 777 2851 nomen
842 2786 1182 2871 adgressas
1249 2785 1553 2851 fuderint.
1657 2807 1782 2871 quo
1847 2788 2095 2872 proelio

150 2945 162 2955 .
272 2892 481 2959 Rufus
512 2892 788 2957 Helvius
818 2891 1153 2975 gregarius
1199 2891 1389 2955 miles
1435 2891 1673 2955 servati
1715 2889 1870 2956 civis
1904 2890 2099 2955 decus
2121 2914 2170 2953 ιο

273 2997 523 3063 rettulit
568 2997 971 3081 donatusque
1031 3003 1129 3061 est
1186 2997 1268 3061 ab
1311 2993 1606 3081 Apronio
1653 2994 1988 3079 torquibus
2036 2999 2102 3058 et

274 3105 476 3167 hasta.
548 3101 787 3167 Caesar
818 3100 1071 3165 addidit
1104 3100 1373 3165 civicam
1406 3120 1731 3181 coronam,
1770 3098 1943 3183 quod.
1969 3118 2102 3163 non

277 3226 422 3269 eam
466 3226 723 3290 quoque
766 3202 1098 3289 Apronius
1134 3205 1275 3268 iure
1320 3202 1726 3289 proconsulis
1772 3200 2102 3266 tribuisset

278 3315 539 3393 questus
600 3310 805 3393 magis
876 3330 1070 3393 quam
1142 3309 1446 3374 offensus.
1550 3306 1668 3372 sed
1733 3303 2100 3369 Tacfarinas

279 3414 593 3497 perculsis
622 3411 921 3477 Numidis
953 3419 1019 3478 et
1048 3412 1299 3477 obsidia
1330 3411 1824 3498 aspernantibus
1855 3410 2100 3495 spargit
2120 3438 2170 3478 15
