2467 3900
353 219 430 276 42
1014 227 1291 266 commui
1319 226 1512 266 mom

355 407 393 448 a
419 386 697 466 factione
736 387 871 449 eius
917 386 1182 450 iniectas
1215 406 1561 470 perpessus
1608 394 1765 448 sum:
1843 392 2034 470 atque
2068 387 2189 450 ubi

356 489 633 572 primum
678 488 774 552 tui
806 488 1010 572 copia,
1053 493 1277 553 vetera
1321 489 1503 553 novis
1543 496 1609 553 et
1646 491 1862 574 quieta
1907 491 2185 555 turbidis

355 595 736 677 antehabeo,
765 615 975 678 neque
1010 594 1091 657 ob
1122 595 1499 678 praemium,
1539 594 1651 658 sed
1685 603 1755 658 ut
1784 617 1888 659 me
1910 595 2187 678 perfidia

357 699 710 781 exsolvam,
757 699 946 763 simul
990 699 1170 780 genti
1205 696 1678 763 Germanorum
1721 699 1993 763 idoneus
2025 720 2182 762 oon-

284 819 334 856 20
358 803 623 884 ciliator,
671 803 723 865 si
759 802 1219 885 paenitentiam
1250 822 1441 885 quam
1472 802 1823 887 perniciem
1859 802 2182 866 maluerit.

355 930 470 994 pro
519 910 781 973 iuventa
827 914 892 972 et
938 928 1155 971 errore
1201 907 1315 969 filii
1359 907 1610 970 veniam
1658 928 1919 990 precor:
1982 906 2185 968 filiam

354 1013 738 1076 necessitate
784 1013 909 1076 huc
941 1011 1279 1075 adductam
1327 1012 1553 1075 fateor.
1628 1017 1811 1075 tuum
1856 1012 1977 1076 erit
2025 1032 2183 1075 con-

355 1116 612 1198 sultare,
660 1123 874 1180 utrum
919 1115 1311 1199 praevaleat,
1361 1114 1534 1199 quod
1575 1115 1853 1178 Arminii
1896 1116 2187 1179 coniunx

357 1242 438 1284 an
485 1219 658 1304 quod
706 1241 790 1284 ex
834 1242 936 1284 me
983 1221 1204 1303 genita
1250 1217 1388 1284 est.‘
1462 1219 1698 1283 Caesar
1733 1220 2033 1284 clementi
2074 1241 2181 1283 re-

285 1345 335 1384 25
357 1345 604 1409 sponso⁴
643 1323 860 1388 liberis
902 1324 1402 1408 propinquisque
1448 1324 1991 1406 incolumitatem,
2056 1325 2185 1409 ipsi

357 1429 578 1493 sedem
617 1435 838 1492 vetere
885 1429 952 1490 in
995 1429 1325 1512 provincia
1370 1428 1729 1511 pollicetur.
1825 1429 2185 1492 exercitum

356 1533 616 1596 reduxit
675 1552 1042 1615 nomenque
1117 1531 1525 1615 imperatoris
1595 1538 1857 1597 auctore
1921 1533 2182 1596 Tiberio

358 1637 625 1720 accepit.
685 1635 973 1700 Arminii·
995 1657 1160 1699 uxor
1189 1636 1388 1700 virilis
1421 1656 1614 1700 sexus
1645 1636 1909 1721 stirpem
1944 1636 2185 1700 edidit:

361 1740 669 1805 educatus
716 1728 1062 1804 Ravennae
1109 1761 1271 1824 puer
1318 1761 1439 1824 quo
1487 1760 1643 1802 mox
1700 1739 1976 1803 ludibrio
2027 1761 2182 1804 con-

289 1863 339 1901 30
358 1845 631 1908 flictatus
679 1845 778 1928 sit,
824 1845 892 1908 in
936 1849 1228 1928 tempore
1277 1842 1670 1906 memorabo.

491 1950 593 2013 59.
659 1950 860 2013 Fama
902 1948 1104 2012 dediti
1148 1948 1558 2032 benigneque
1605 1948 1865 2033 excepti
1897 1948 2186 2031 Segestis

358 2054 638 2138 vulgata,
683 2060 754 2116 ut
785 2053 1141 2137 quibusque
1172 2052 1415 2117 bellum
1462 2052 1676 2115 invitis
1722 2058 1833 2115 aut
1866 2054 2181 2137 cupienti-

357 2159 476 2223 bus
507 2165 663 2241 erat,
697 2180 809 2242 spe
832 2158 936 2221 vel
971 2157 1199 2221 dolore
1225 2158 1551 2242 accipitur.
1597 2158 1963 2221 Arminium
1989 2179 2183 2243 super

356 2262 613 2326 insitam
656 2261 1031 2325 violentiam
1078 2267 1261 2345 rapta
1299 2282 1465 2325 uxor
1509 2262 1898 2326 vaecordem
1948 2262 2186 2346 agebat
2269 2334 2275 2338 ,

317 2366 796 2450 5volitabatque
851 2388 969 2451 per
1017 2366 1411 2449 CheruscOS,
1472 2388 1649 2429 arma
1704 2367 1770 2430 in
1821 2368 2180 2452 Segestem,

361 2492 535 2535 arma
577 2472 643 2535 in
679 2471 1022 2535 Caesarem
1047 2491 1343 2555 poscens.
1406 2491 1618 2553 neque
1650 2469 1901 2555 probris
1933 2475 2180 2554 tempe-

359 2576 560 2639 rabat:
627 2576 966 2665 egregium
1009 2582 1296 2659 patrem,
1355 2596 1661 2658 magnum
1704 2575 2179 2659 imperatorem,

359 2679 594 2743 fortem
621 2681 992 2762 exercitum,
1026 2702 1297 2764 quorum
1325 2686 1424 2743 tot
1445 2702 1670 2744 manus
1700 2702 1890 2744 unam
1924 2680 2180 2744 mulier-

363 2785 570 2847 culam
593 2782 948 2867 avexerint.
997 2786 1116 2850 sibi
1140 2791 1273 2849 tres
1298 2785 1607 2868 legioneS,
1636 2784 1905 2849 totidem
1930 2785 2181 2865 legatos

290 2888 810 2972 10procubuisse3
875 2910 1006 2953 non
1066 2889 1233 2953 enim
1280 2909 1347 2952 se
1396 2889 1763 2973 proditione
1810 2908 2020 2973 neque
2069 2886 2180 2951 ad-

360 3013 582 3056 versus
605 2992 890 3075 feminas,
925 2992 1039 3059 sed
1063 2994 1279 3075 palam
1300 2991 1609 3056 adversus
1635 3000 1912 3056 armatos
1943 2992 2184 3056 bellum

360 3102 655 3160 tractare.
724 3097 896 3161 cerni
941 3096 1151 3159 adhuc
1185 3098 1655 3161 Germanorum
1697 3097 1765 3159 in
1808 3096 1968 3159 lucis
2001 3097 2184 3179 signa

359 3202 686 3285 Romana,
752 3223 915 3286 quae
983 3202 1079 3265 dis
1139 3202 1359 3285 patriis
1424 3200 1850 3284 suspenderit.
1942 3184 2184 3265 coleret

360 3306 662 3387 Segestes
693 3307 928 3371 victam
963 3308 1188 3390 ripam,
1232 3304 1539 3369 redderet
1574 3306 1703 3368 fflio
1753 3304 2183 3379 sacerdotium

295 3431 344 3469 15
362 3406 760 3473 Romanum:
798 3411 1155 3474 Germanos
1173 3429 1521 3493 numquam
1544 3409 1695 3471 satis
1718 3414 2183 3490 exsecraturoS,
