<?xml version="1.0" encoding="UTF-8"?>
<!DOCTYPE html PUBLIC "-//W3C//DTD XHTML 1.0 Transitional//EN"
    "http://www.w3.org/TR/xhtml1/DTD/xhtml1-transitional.dtd">
<html xmlns="http://www.w3.org/1999/xhtml" xml:lang="en" lang="en">
 <head>
  <title>
</title>
<meta http-equiv="Content-Type" content="text/html;charset=utf-8" />
  <meta name='ocr-system' content='tesseract 3.04.00' />
  <meta name='ocr-capabilities' content='ocr_page ocr_carea ocr_par ocr_line ocrx_word'/>
</head>
<body>
  <div class='ocr_page' id='page_1' title='image "./corneliitacitia00gitlgoog_0030.png"; bbox 0 0 2467 3900; ppageno 0'>
   <div class='ocr_carea' id='block_1_1' title="bbox 419 229 1570 292">
    <p class='ocr_par' dir='ltr' id='par_1_1' title="bbox 419 229 1570 292">
     <span class='ocr_line' id='line_1_1' title="bbox 419 229 1570 292; baseline 0.001 -14"><span class='ocrx_word' id='word_1_1' title='bbox 419 235 490 292; x_wconf 81' lang='lat'>18</span> <span class='ocrx_word' id='word_1_2' title='bbox 1072 229 1350 280; x_wconf 62' lang='lat' dir='ltr'>conann</span> <span class='ocrx_word' id='word_1_3' title='bbox 1377 235 1570 280; x_wconf 66' lang='grc' dir='ltr'>ΤᾸοΙΤΙ</span> 
     </span>
    </p>
   </div>
   <div class='ocr_carea' id='block_1_2' title="bbox 341 383 2238 3504">
    <p class='ocr_par' dir='ltr' id='par_1_2' title="bbox 416 383 2235 484">
     <span class='ocr_line' id='line_1_2' title="bbox 416 383 2235 484; baseline 0.001 -20"><span class='ocrx_word' id='word_1_4' title='bbox 416 383 625 465; x_wconf 85' lang='lat' dir='ltr'>minus</span> <span class='ocrx_word' id='word_1_5' title='bbox 656 399 962 465; x_wconf 87' lang='lat' dir='ltr'>invidiam</span> <span class='ocrx_word' id='word_1_6' title='bbox 993 383 1525 481; x_wconf 88' lang='lat' dir='ltr'>misericordiam,</span> <span class='ocrx_word' id='word_1_7' title='bbox 1557 405 1803 464; x_wconf 90' lang='lat' dir='ltr'>metum</span> <span class='ocrx_word' id='word_1_8' title='bbox 1834 404 1900 464; x_wconf 91' lang='lat' dir='ltr'>et</span> <span class='ocrx_word' id='word_1_9' title='bbox 1929 400 2055 464; x_wconf 88' lang='lat' dir='ltr'>iras</span> <span class='ocrx_word' id='word_1_10' title='bbox 2083 421 2235 484; x_wconf 90' lang='lat' dir='ltr'>per-</span> 
     </span>
    </p>

    <p class='ocr_par' dir='ltr' id='par_1_3' title="bbox 412 503 2234 570">
     <span class='ocr_line' id='line_1_3' title="bbox 412 503 2234 570; baseline 0.001 -2"><span class='ocrx_word' id='word_1_11' title='bbox 412 509 770 570; x_wconf 77' lang='lat' dir='ltr'><strong>moverent.</strong></span> <span class='ocrx_word' id='word_1_12' title='bbox 875 504 1237 568; x_wconf 83' lang='lat' dir='ltr'><strong>adcurritur</strong></span> <span class='ocrx_word' id='word_1_13' title='bbox 1307 504 1388 568; x_wconf 90' lang='lat' dir='ltr'>ab</span> <span class='ocrx_word' id='word_1_14' title='bbox 1460 503 1777 569; x_wconf 83' lang='lat' dir='ltr'>universis</span> <span class='ocrx_word' id='word_1_15' title='bbox 1842 512 1908 569; x_wconf 90' lang='lat' dir='ltr'>et</span> <span class='ocrx_word' id='word_1_16' title='bbox 1978 525 2234 570; x_wconf 88' lang='lat' dir='ltr'>carcere</span> 
     </span>
    </p>

    <p class='ocr_par' dir='ltr' id='par_1_4' title="bbox 342 607 2236 799">
     <span class='ocr_line' id='line_1_4' title="bbox 415 607 2236 692; baseline -0.001 -17"><span class='ocrx_word' id='word_1_17' title='bbox 415 609 679 675; x_wconf 84' lang='lat' dir='ltr'>effracto</span> <span class='ocrx_word' id='word_1_18' title='bbox 739 608 1000 672; x_wconf 85' lang='lat' dir='ltr'>solvunt</span> <span class='ocrx_word' id='word_1_19' title='bbox 1041 607 1298 672; x_wconf 87' lang='lat' dir='ltr'>vincula</span> <span class='ocrx_word' id='word_1_20' title='bbox 1343 608 1837 692; x_wconf 80' lang='lat' dir='ltr'>desertoresque</span> <span class='ocrx_word' id='word_1_21' title='bbox 1884 629 1959 673; x_wconf 89' lang='lat' dir='ltr'>ac</span> <span class='ocrx_word' id='word_1_22' title='bbox 2015 629 2236 673; x_wconf 91' lang='lat' dir='ltr'>rerum</span> 
     </span>
     <span class='ocr_line' id='line_1_5' title="bbox 342 712 1838 799; baseline -0.001 -23"><span class='ocrx_word' id='word_1_23' title='bbox 342 739 393 777; x_wconf 77' lang='lat'>15</span> <span class='ocrx_word' id='word_1_24' title='bbox 415 715 783 799; x_wconf 91' lang='lat' dir='ltr'>capitalium</span> <span class='ocrx_word' id='word_1_25' title='bbox 831 713 1163 778; x_wconf 90' lang='lat' dir='ltr'>damnatos</span> <span class='ocrx_word' id='word_1_26' title='bbox 1209 712 1333 776; x_wconf 91' lang='lat' dir='ltr'>sibi</span> <span class='ocrx_word' id='word_1_27' title='bbox 1374 713 1503 776; x_wconf 91' lang='lat' dir='ltr'>iam</span> <span class='ocrx_word' id='word_1_28' title='bbox 1548 713 1838 776; x_wconf 88' lang='lat' dir='ltr'>miscent.</span> 
     </span>
    </p>

    <p class='ocr_par' dir='ltr' id='par_1_5' title="bbox 409 815 2236 1217">
     <span class='ocr_line' id='line_1_6' title="bbox 541 815 2236 901; baseline 0 -20"><span class='ocrx_word' id='word_1_29' title='bbox 541 819 644 881; x_wconf 82' lang='lat'>22.</span> <span class='ocrx_word' id='word_1_30' title='bbox 707 817 1118 901; x_wconf 77' lang='lat' dir='ltr'>Flagrantior</span> <span class='ocrx_word' id='word_1_31' title='bbox 1160 815 1315 880; x_wconf 89' lang='lat' dir='ltr'>inde</span> <span class='ocrx_word' id='word_1_32' title='bbox 1346 816 1463 898; x_wconf 76' lang='lat' dir='ltr'>vie,</span> <span class='ocrx_word' id='word_1_33' title='bbox 1510 816 1728 901; x_wconf 92' lang='lat' dir='ltr'>plures</span> <span class='ocrx_word' id='word_1_34' title='bbox 1775 816 2079 882; x_wconf 83' lang='lat' dir='ltr'>seditioni</span> <span class='ocrx_word' id='word_1_35' title='bbox 2119 818 2236 882; x_wconf 94' lang='lat' dir='ltr'>du-</span> 
     </span>
     <span class='ocr_line' id='line_1_7' title="bbox 413 907 2233 1005; baseline 0 -18"><span class='ocrx_word' id='word_1_36' title='bbox 413 944 538 988; x_wconf 74' lang='lat' dir='ltr'>ces,</span> <span class='ocrx_word' id='word_1_37' title='bbox 654 929 718 986; x_wconf 91' lang='lat' dir='ltr'>et</span> <span class='ocrx_word' id='word_1_38' title='bbox 757 921 1116 985; x_wconf 88' lang='lat' dir='ltr'>Vibulenus</span> <span class='ocrx_word' id='word_1_39' title='bbox 1163 920 1422 1005; x_wconf 89' lang='lat' dir='ltr'>quidam</span> <span class='ocrx_word' id='word_1_40' title='bbox 1468 907 1801 1005; x_wconf 86' lang='lat' dir='ltr'>gregarius</span> <span class='ocrx_word' id='word_1_41' title='bbox 1849 923 2035 987; x_wconf 91' lang='lat' dir='ltr'>miles</span> <span class='ocrx_word' id='word_1_42' title='bbox 2065 929 2233 988; x_wconf 63' lang='lat' dir='ltr'>‘ante</span> 
     </span>
     <span class='ocr_line' id='line_1_8' title="bbox 409 1014 2236 1118; baseline 0.001 -28"><span class='ocrx_word' id='word_1_43' title='bbox 409 1014 688 1091; x_wconf 89' lang='lat' dir='ltr'>tribunal</span> <span class='ocrx_word' id='word_1_44' title='bbox 730 1025 948 1090; x_wconf 83' lang='lat' dir='ltr'>Blaesi</span> <span class='ocrx_word' id='word_1_45' title='bbox 1007 1026 1343 1091; x_wconf 87' lang='lat' dir='ltr'>adlevatus</span> <span class='ocrx_word' id='word_1_46' title='bbox 1402 1027 1945 1118; x_wconf 89' lang='lat' dir='ltr'>circumstantium</span> <span class='ocrx_word' id='word_1_47' title='bbox 1993 1029 2236 1092; x_wconf 91' lang='lat' dir='ltr'>umeris</span> 
     </span>
     <span class='ocr_line' id='line_1_9' title="bbox 411 1130 2234 1217; baseline 0.001 -23"><span class='ocrx_word' id='word_1_48' title='bbox 411 1130 583 1216; x_wconf 91' lang='lat' dir='ltr'>apud</span> <span class='ocrx_word' id='word_1_49' title='bbox 629 1131 918 1195; x_wconf 82' lang='lat' dir='ltr'>turbatos</span> <span class='ocrx_word' id='word_1_50' title='bbox 966 1137 1032 1194; x_wconf 90' lang='lat' dir='ltr'>et</span> <span class='ocrx_word' id='word_1_51' title='bbox 1077 1131 1229 1215; x_wconf 88' lang='lat' dir='ltr'>quid</span> <span class='ocrx_word' id='word_1_52' title='bbox 1276 1137 1534 1217; x_wconf 87' lang='lat' dir='ltr'>pararet</span> <span class='ocrx_word' id='word_1_53' title='bbox 1578 1132 1862 1197; x_wconf 88' lang='lat' dir='ltr'>intentos</span> <span class='ocrx_word' id='word_1_54' title='bbox 1908 1153 2047 1214; x_wconf 86' lang='lat' dir='ltr'>,vos</span> <span class='ocrx_word' id='word_1_55' title='bbox 2094 1133 2234 1217; x_wconf 87' lang='lat' dir='ltr'>qui·</span> 
     </span>
    </p>

    <p class='ocr_par' dir='ltr' id='par_1_6' title="bbox 367 1219 2236 1739">
     <span class='ocr_line' id='line_1_10' title="bbox 367 1219 2235 1319; baseline 0.002 -23"><span class='ocrx_word' id='word_1_56' title='bbox 367 1257 390 1296; x_wconf 86' lang='lat'><strong>5</strong></span> <span class='ocrx_word' id='word_1_57' title='bbox 412 1231 581 1299; x_wconf 92' lang='lat' dir='ltr'>dem‘</span> <span class='ocrx_word' id='word_1_58' title='bbox 626 1234 832 1319; x_wconf 89' lang='lat' dir='ltr'>inquit</span> <span class='ocrx_word' id='word_1_59' title='bbox 863 1234 982 1316; x_wconf 88' lang='lat' dir='ltr'>,his</span> <span class='ocrx_word' id='word_1_60' title='bbox 1027 1219 1476 1300; x_wconf 82' lang='lat' dir='ltr'>innocentibus</span> <span class='ocrx_word' id='word_1_61' title='bbox 1510 1241 1576 1300; x_wconf 91' lang='lat' dir='ltr'>et</span> <span class='ocrx_word' id='word_1_62' title='bbox 1606 1236 1979 1300; x_wconf 83' lang='lat' dir='ltr'>miserrimis</span> <span class='ocrx_word' id='word_1_63' title='bbox 2020 1236 2235 1302; x_wconf 88' lang='lat' dir='ltr'>lucem</span> 
     </span>
     <span class='ocr_line' id='line_1_11' title="bbox 411 1338 2233 1424; baseline 0.001 -21"><span class='ocrx_word' id='word_1_64' title='bbox 411 1344 477 1403; x_wconf 91' lang='lat' dir='ltr'>et</span> <span class='ocrx_word' id='word_1_65' title='bbox 550 1338 841 1423; x_wconf 85' lang='lat' dir='ltr'>spiritum</span> <span class='ocrx_word' id='word_1_66' title='bbox 899 1338 1309 1403; x_wconf 77' lang='lat' dir='ltr'>reddidistis:</span> <span class='ocrx_word' id='word_1_67' title='bbox 1384 1340 1501 1405; x_wconf 89' lang='lat' dir='ltr'>sed</span> <span class='ocrx_word' id='word_1_68' title='bbox 1562 1340 1700 1424; x_wconf 89' lang='lat' dir='ltr'>quis</span> <span class='ocrx_word' id='word_1_69' title='bbox 1773 1340 1952 1420; x_wconf 85' lang='lat' dir='ltr'>fratri</span> <span class='ocrx_word' id='word_1_70' title='bbox 2013 1342 2233 1424; x_wconf 86' lang='lat' dir='ltr'>vitam,</span> 
     </span>
     <span class='ocr_line' id='line_1_12' title="bbox 411 1443 2233 1528; baseline 0.002 -22"><span class='ocrx_word' id='word_1_71' title='bbox 411 1443 552 1528; x_wconf 89' lang='lat' dir='ltr'>quis</span> <span class='ocrx_word' id='word_1_72' title='bbox 595 1445 855 1508; x_wconf 83' lang='lat' dir='ltr'>fratrem</span> <span class='ocrx_word' id='word_1_73' title='bbox 901 1443 1061 1507; x_wconf 90' lang='lat' dir='ltr'>mihi</span> <span class='ocrx_word' id='word_1_74' title='bbox 1104 1443 1371 1508; x_wconf 80' lang='lat' dir='ltr'>reddit?</span> <span class='ocrx_word' id='word_1_75' title='bbox 1436 1465 1628 1528; x_wconf 91' lang='lat' dir='ltr'>quem</span> <span class='ocrx_word' id='word_1_76' title='bbox 1673 1447 1940 1510; x_wconf 87' lang='lat' dir='ltr'>missum</span> <span class='ocrx_word' id='word_1_77' title='bbox 1988 1446 2071 1510; x_wconf 91' lang='lat' dir='ltr'>ad</span> <span class='ocrx_word' id='word_1_78' title='bbox 2115 1467 2233 1513; x_wconf 85' lang='lat' dir='ltr'>vos</span> 
     </span>
     <span class='ocr_line' id='line_1_13' title="bbox 411 1547 2236 1616; baseline 0.002 -6"><span class='ocrx_word' id='word_1_79' title='bbox 411 1567 449 1610; x_wconf 89' lang='lat' dir='ltr'>a</span> <span class='ocrx_word' id='word_1_80' title='bbox 495 1547 1218 1613; x_wconf 78' lang='lat' dir='ltr'>Germanico-exercitu</span> <span class='ocrx_word' id='word_1_81' title='bbox 1267 1547 1347 1612; x_wconf 95' lang='lat' dir='ltr'>de</span> <span class='ocrx_word' id='word_1_82' title='bbox 1387 1550 1832 1613; x_wconf 90' lang='lat' dir='ltr'>communibus</span> <span class='ocrx_word' id='word_1_83' title='bbox 1878 1551 2236 1616; x_wconf 91' lang='lat' dir='ltr'>commodis</span> 
     </span>
     <span class='ocr_line' id='line_1_14' title="bbox 409 1651 2233 1739; baseline 0.003 -25"><span class='ocrx_word' id='word_1_84' title='bbox 409 1656 599 1715; x_wconf 88' lang='lat' dir='ltr'>nocte</span> <span class='ocrx_word' id='word_1_85' title='bbox 661 1651 960 1735; x_wconf 79' lang='lat' dir='ltr'>proxima</span> <span class='ocrx_word' id='word_1_86' title='bbox 1019 1651 1333 1736; x_wconf 88' lang='lat' dir='ltr'>iugulavit</span> <span class='ocrx_word' id='word_1_87' title='bbox 1394 1674 1512 1736; x_wconf 87' lang='lat' dir='ltr'>per</span> <span class='ocrx_word' id='word_1_88' title='bbox 1572 1653 2005 1737; x_wconf 85' lang='lat' dir='ltr'>gladiatores,</span> <span class='ocrx_word' id='word_1_89' title='bbox 2070 1675 2233 1739; x_wconf 92' lang='lat' dir='ltr'>quos</span> 
     </span>
    </p>

    <p class='ocr_par' dir='ltr' id='par_1_7' title="bbox 343 1753 2233 2259">
     <span class='ocr_line' id='line_1_15' title="bbox 343 1753 2232 1844; baseline 0.005 -29"><span class='ocrx_word' id='word_1_90' title='bbox 343 1776 392 1815; x_wconf 90' lang='lat'>10</span> <span class='ocrx_word' id='word_1_91' title='bbox 410 1755 476 1818; x_wconf 91' lang='lat' dir='ltr'>in</span> <span class='ocrx_word' id='word_1_92' title='bbox 525 1753 791 1818; x_wconf 87' lang='lat' dir='ltr'>exitium</span> <span class='ocrx_word' id='word_1_93' title='bbox 823 1754 1097 1818; x_wconf 86' lang='lat' dir='ltr'>militum</span> <span class='ocrx_word' id='word_1_94' title='bbox 1126 1755 1325 1820; x_wconf 79' lang='lat' dir='ltr'>habet</span> <span class='ocrx_word' id='word_1_95' title='bbox 1366 1761 1557 1840; x_wconf 91' lang='lat' dir='ltr'>atque</span> <span class='ocrx_word' id='word_1_96' title='bbox 1590 1765 1812 1822; x_wconf 87' lang='lat' dir='ltr'>armat.</span> <span class='ocrx_word' id='word_1_97' title='bbox 1887 1760 2232 1844; x_wconf 89' lang='lat' dir='ltr'>responde,</span> 
     </span>
     <span class='ocr_line' id='line_1_16' title="bbox 407 1857 2232 1948; baseline 0.003 -27"><span class='ocrx_word' id='word_1_98' title='bbox 407 1857 662 1940; x_wconf 88' lang='lat' dir='ltr'>Blaese,</span> <span class='ocrx_word' id='word_1_99' title='bbox 709 1858 817 1922; x_wconf 92' lang='lat' dir='ltr'>ubi</span> <span class='ocrx_word' id='word_1_100' title='bbox 863 1857 1208 1924; x_wconf 86' lang='lat' dir='ltr'>abieceris:</span> <span class='ocrx_word' id='word_1_101' title='bbox 1270 1879 1352 1924; x_wconf 93' lang='lat' dir='ltr'>ne</span> <span class='ocrx_word' id='word_1_102' title='bbox 1396 1859 1619 1924; x_wconf 90' lang='lat' dir='ltr'>hostes</span> <span class='ocrx_word' id='word_1_103' title='bbox 1664 1861 1925 1946; x_wconf 90' lang='lat' dir='ltr'>quidem</span> <span class='ocrx_word' id='word_1_104' title='bbox 2016 1863 2232 1948; x_wconf 89' lang='lat' dir='ltr'>sepul-</span> 
     </span>
     <span class='ocr_line' id='line_1_17' title="bbox 409 1963 2231 2048; baseline 0.003 -21"><span class='ocrx_word' id='word_1_105' title='bbox 409 1968 551 2027; x_wconf 86' lang='lat' dir='ltr'>tura</span> <span class='ocrx_word' id='word_1_106' title='bbox 593 1963 903 2029; x_wconf 86' lang='lat' dir='ltr'>invident.</span> <span class='ocrx_word' id='word_1_107' title='bbox 975 1985 1121 2029; x_wconf 93' lang='lat' dir='ltr'>cum</span> <span class='ocrx_word' id='word_1_108' title='bbox 1160 1965 1413 2048; x_wconf 88' lang='lat' dir='ltr'>osculis,</span> <span class='ocrx_word' id='word_1_109' title='bbox 1447 1972 1594 2030; x_wconf 79' lang='lat' dir='ltr'>curn</span> <span class='ocrx_word' id='word_1_110' title='bbox 1624 1968 1903 2032; x_wconf 83' lang='lat' dir='ltr'>lacrimis</span> <span class='ocrx_word' id='word_1_111' title='bbox 1936 1968 2231 2034; x_wconf 88' lang='lat' dir='ltr'>dolorem</span> 
     </span>
     <span class='ocr_line' id='line_1_18' title="bbox 406 2067 2233 2153; baseline 0.004 -22"><span class='ocrx_word' id='word_1_112' title='bbox 406 2067 785 2151; x_wconf 87' lang='lat' dir='ltr'>implevero,</span> <span class='ocrx_word' id='word_1_113' title='bbox 828 2088 933 2131; x_wconf 92' lang='lat' dir='ltr'>me</span> <span class='ocrx_word' id='word_1_114' title='bbox 965 2088 1220 2152; x_wconf 91' lang='lat' dir='ltr'>quoque</span> <span class='ocrx_word' id='word_1_115' title='bbox 1267 2069 1572 2133; x_wconf 87' lang='lat' dir='ltr'>trucidari</span> <span class='ocrx_word' id='word_1_116' title='bbox 1617 2070 1786 2153; x_wconf 92' lang='lat' dir='ltr'>iube,</span> <span class='ocrx_word' id='word_1_117' title='bbox 1837 2071 1991 2136; x_wconf 88' lang='lat' dir='ltr'>dum</span> <span class='ocrx_word' id='word_1_118' title='bbox 2034 2074 2233 2139; x_wconf 87' lang='lat' dir='ltr'>inter-</span> 
     </span>
     <span class='ocr_line' id='line_1_19' title="bbox 405 2171 2233 2259; baseline 0.004 -23"><span class='ocrx_word' id='word_1_119' title='bbox 405 2172 610 2236; x_wconf 85' lang='lat' dir='ltr'>fectos</span> <span class='ocrx_word' id='word_1_120' title='bbox 656 2172 902 2236; x_wconf 91' lang='lat' dir='ltr'>nullum</span> <span class='ocrx_word' id='word_1_121' title='bbox 950 2173 1030 2236; x_wconf 92' lang='lat' dir='ltr'>ob</span> <span class='ocrx_word' id='word_1_122' title='bbox 1079 2171 1319 2255; x_wconf 87' lang='lat' dir='ltr'>scelus,</span> <span class='ocrx_word' id='word_1_123' title='bbox 1364 2172 1481 2237; x_wconf 89' lang='lat' dir='ltr'>sed</span> <span class='ocrx_word' id='word_1_124' title='bbox 1529 2174 1677 2257; x_wconf 89' lang='lat' dir='ltr'>quia</span> <span class='ocrx_word' id='word_1_125' title='bbox 1722 2174 1981 2239; x_wconf 82' lang='lat' dir='ltr'>utilitati</span> <span class='ocrx_word' id='word_1_126' title='bbox 2026 2177 2233 2259; x_wconf 92' lang='lat' dir='ltr'>legio-</span> 
     </span>
    </p>

    <p class='ocr_par' dir='ltr' id='par_1_8' title="bbox 341 2274 1633 2361">
     <span class='ocr_line' id='line_1_20' title="bbox 341 2274 1633 2361; baseline 0.007 -27"><span class='ocrx_word' id='word_1_127' title='bbox 341 2296 560 2339; x_wconf 81' lang='lat' dir='ltr'>15num</span> <span class='ocrx_word' id='word_1_128' title='bbox 607 2276 1116 2357; x_wconf 79' lang='lat' dir='ltr'>consulebamuS,</span> <span class='ocrx_word' id='word_1_129' title='bbox 1164 2276 1231 2339; x_wconf 91' lang='lat' dir='ltr'>hi</span> <span class='ocrx_word' id='word_1_130' title='bbox 1277 2274 1633 2361; x_wconf 86' lang='lat' dir='ltr'>sepeliant.‘</span> 
     </span>
    </p>

    <p class='ocr_par' dir='ltr' id='par_1_9' title="bbox 406 2378 2233 2779">
     <span class='ocr_line' id='line_1_21' title="bbox 536 2378 2232 2466; baseline 0.002 -24"><span class='ocrx_word' id='word_1_131' title='bbox 536 2380 641 2443; x_wconf 82' lang='lat'>23.</span> <span class='ocrx_word' id='word_1_132' title='bbox 703 2378 1106 2443; x_wconf 81' lang='lat' dir='ltr'>Incendebat</span> <span class='ocrx_word' id='word_1_133' title='bbox 1148 2379 1311 2444; x_wconf 89' lang='lat' dir='ltr'>haec</span> <span class='ocrx_word' id='word_1_134' title='bbox 1353 2382 1508 2445; x_wconf 88' lang='lat' dir='ltr'>fletu</span> <span class='ocrx_word' id='word_1_135' title='bbox 1552 2387 1616 2445; x_wconf 92' lang='lat' dir='ltr'>et</span> <span class='ocrx_word' id='word_1_136' title='bbox 1660 2387 1886 2466; x_wconf 89' lang='lat' dir='ltr'>pectus</span> <span class='ocrx_word' id='word_1_137' title='bbox 1931 2387 2122 2466; x_wconf 90' lang='lat' dir='ltr'>atque</span> <span class='ocrx_word' id='word_1_138' title='bbox 2161 2404 2232 2447; x_wconf 89' lang='lat' dir='ltr'>os</span> 
     </span>
     <span class='ocr_line' id='line_1_22' title="bbox 408 2483 2233 2569; baseline 0.001 -22"><span class='ocrx_word' id='word_1_139' title='bbox 408 2483 700 2547; x_wconf 89' lang='lat' dir='ltr'>manibus</span> <span class='ocrx_word' id='word_1_140' title='bbox 759 2483 1128 2549; x_wconf 84' lang='lat' dir='ltr'>verberans.</span> <span class='ocrx_word' id='word_1_141' title='bbox 1217 2504 1375 2548; x_wconf 85' lang='lat' dir='ltr'>mox</span> <span class='ocrx_word' id='word_1_142' title='bbox 1438 2484 1723 2549; x_wconf 86' lang='lat' dir='ltr'>disiectis</span> <span class='ocrx_word' id='word_1_143' title='bbox 1784 2505 2057 2569; x_wconf 89' lang='lat' dir='ltr'>quorum</span> <span class='ocrx_word' id='word_1_144' title='bbox 2114 2506 2233 2569; x_wconf 90' lang='lat' dir='ltr'>per</span> 
     </span>
     <span class='ocr_line' id='line_1_23' title="bbox 407 2575 2231 2676; baseline 0.001 -25"><span class='ocrx_word' id='word_1_145' title='bbox 407 2608 665 2653; x_wconf 88' lang='lat' dir='ltr'>umeros</span> <span class='ocrx_word' id='word_1_146' title='bbox 696 2588 1146 2671; x_wconf 82' lang='lat' dir='ltr'>sustinebatur,</span> <span class='ocrx_word' id='word_1_147' title='bbox 1178 2610 1490 2674; x_wconf 88' lang='lat' dir='ltr'>praeceps</span> <span class='ocrx_word' id='word_1_148' title='bbox 1521 2597 1586 2657; x_wconf 92' lang='lat' dir='ltr'>et</span> <span class='ocrx_word' id='word_1_149' title='bbox 1616 2575 2015 2676; x_wconf 87' lang='lat' dir='ltr'>singulorum</span> <span class='ocrx_word' id='word_1_150' title='bbox 2048 2589 2231 2675; x_wconf 91' lang='lat' dir='ltr'>pedi-</span> 
     </span>
     <span class='ocr_line' id='line_1_24' title="bbox 406 2690 2233 2779; baseline 0.003 -26"><span class='ocrx_word' id='word_1_151' title='bbox 406 2690 528 2754; x_wconf 91' lang='lat' dir='ltr'>bus</span> <span class='ocrx_word' id='word_1_152' title='bbox 567 2690 908 2755; x_wconf 86' lang='lat' dir='ltr'>advolutus</span> <span class='ocrx_word' id='word_1_153' title='bbox 953 2697 1202 2755; x_wconf 88' lang='lat' dir='ltr'>tantum</span> <span class='ocrx_word' id='word_1_154' title='bbox 1238 2694 1774 2759; x_wconf 86' lang='lat' dir='ltr'>consternationis</span> <span class='ocrx_word' id='word_1_155' title='bbox 1820 2694 2233 2779; x_wconf 85' lang='lat' dir='ltr'>invidiaeque</span> 
     </span>
    </p>

    <p class='ocr_par' dir='ltr' id='par_1_10' title="bbox 367 2794 2237 3281">
     <span class='ocr_line' id='line_1_25' title="bbox 367 2794 2231 2883; baseline 0.003 -24"><span class='ocrx_word' id='word_1_156' title='bbox 367 2794 718 2875; x_wconf 67' lang='lat' dir='ltr'>aconcivit,</span> <span class='ocrx_word' id='word_1_157' title='bbox 776 2800 848 2859; x_wconf 86' lang='lat' dir='ltr'>ut</span> <span class='ocrx_word' id='word_1_158' title='bbox 891 2816 1038 2880; x_wconf 89' lang='lat' dir='ltr'>pars</span> <span class='ocrx_word' id='word_1_159' title='bbox 1094 2796 1368 2861; x_wconf 89' lang='lat' dir='ltr'>militum</span> <span class='ocrx_word' id='word_1_160' title='bbox 1416 2796 1808 2881; x_wconf 88' lang='lat' dir='ltr'>gladiatores</span> <span class='ocrx_word' id='word_1_161' title='bbox 1854 2800 1965 2883; x_wconf 90' lang='lat' dir='ltr'>qui</span> <span class='ocrx_word' id='word_1_162' title='bbox 2014 2820 2049 2863; x_wconf 97' lang='lat' dir='ltr'>e</span> <span class='ocrx_word' id='word_1_163' title='bbox 2097 2819 2231 2864; x_wconf 80' lang='lat' dir='ltr'>ser·</span> 
     </span>
     <span class='ocr_line' id='line_1_26' title="bbox 408 2897 2232 2984; baseline 0.004 -24"><span class='ocrx_word' id='word_1_164' title='bbox 408 2898 563 2961; x_wconf 83' lang='lat' dir='ltr'>vitio</span> <span class='ocrx_word' id='word_1_165' title='bbox 614 2897 829 2962; x_wconf 88' lang='lat' dir='ltr'>Blaesi</span> <span class='ocrx_word' id='word_1_166' title='bbox 884 2910 1095 2982; x_wconf 82' lang='lat' dir='ltr'>erant,</span> <span class='ocrx_word' id='word_1_167' title='bbox 1156 2920 1303 2984; x_wconf 87' lang='lat' dir='ltr'>pars</span> <span class='ocrx_word' id='word_1_168' title='bbox 1368 2906 1646 2967; x_wconf 87' lang='lat' dir='ltr'>ceteram</span> <span class='ocrx_word' id='word_1_169' title='bbox 1696 2902 1986 2968; x_wconf 90' lang='lat' dir='ltr'>eiusdem</span> <span class='ocrx_word' id='word_1_170' title='bbox 2048 2903 2232 2967; x_wconf 88' lang='lat' dir='ltr'>fami-</span> 
     </span>
     <span class='ocr_line' id='line_1_27' title="bbox 407 3000 2234 3092; baseline 0.005 -29"><span class='ocrx_word' id='word_1_171' title='bbox 407 3000 558 3064; x_wconf 88' lang='lat' dir='ltr'>liam</span> <span class='ocrx_word' id='word_1_172' title='bbox 602 3001 936 3085; x_wconf 85' lang='lat' dir='ltr'>vincirent,</span> <span class='ocrx_word' id='word_1_173' title='bbox 983 3002 1106 3067; x_wconf 89' lang='lat' dir='ltr'>alii</span> <span class='ocrx_word' id='word_1_174' title='bbox 1136 3003 1219 3066; x_wconf 97' lang='lat' dir='ltr'>ad</span> <span class='ocrx_word' id='word_1_175' title='bbox 1262 3005 1700 3088; x_wconf 87' lang='lat' dir='ltr'>quaerendum</span> <span class='ocrx_word' id='word_1_176' title='bbox 1750 3027 1980 3092; x_wconf 89' lang='lat' dir='ltr'>corpus</span> <span class='ocrx_word' id='word_1_177' title='bbox 2026 3009 2234 3073; x_wconf 85' lang='lat' dir='ltr'>effun-</span> 
     </span>
     <span class='ocr_line' id='line_1_28' title="bbox 411 3104 2237 3196; baseline 0.004 -28"><span class='ocrx_word' id='word_1_178' title='bbox 411 3104 735 3169; x_wconf 88' lang='lat' dir='ltr'>derentur.</span> <span class='ocrx_word' id='word_1_179' title='bbox 841 3127 916 3171; x_wconf 87' lang='lat' dir='ltr'>ac</span> <span class='ocrx_word' id='word_1_180' title='bbox 973 3108 1040 3170; x_wconf 92' lang='lat' dir='ltr'>ni</span> <span class='ocrx_word' id='word_1_181' title='bbox 1098 3127 1376 3192; x_wconf 87' lang='lat' dir='ltr'>propere</span> <span class='ocrx_word' id='word_1_182' title='bbox 1435 3130 1646 3193; x_wconf 91' lang='lat' dir='ltr'>neque</span> <span class='ocrx_word' id='word_1_183' title='bbox 1704 3110 1906 3174; x_wconf 90' lang='lat' dir='ltr'>ullum</span> <span class='ocrx_word' id='word_1_184' title='bbox 1965 3112 2237 3196; x_wconf 90' lang='lat' dir='ltr'>reperiri</span> 
     </span>
     <span class='ocr_line' id='line_1_29' title="bbox 411 3210 2232 3281; baseline 0.005 -10"><span class='ocrx_word' id='word_1_185' title='bbox 411 3212 476 3271; x_wconf 90' lang='lat' dir='ltr'>et</span> <span class='ocrx_word' id='word_1_186' title='bbox 532 3228 750 3274; x_wconf 85' lang='lat' dir='ltr'>servos</span> <span class='ocrx_word' id='word_1_187' title='bbox 809 3210 1111 3274; x_wconf 87' lang='lat' dir='ltr'>adhibitis</span> <span class='ocrx_word' id='word_1_188' title='bbox 1171 3211 1554 3276; x_wconf 89' lang='lat' dir='ltr'>cruciatibus</span> <span class='ocrx_word' id='word_1_189' title='bbox 1622 3213 1906 3281; x_wconf 87' lang='lat' dir='ltr'>abnuere</span> <span class='ocrx_word' id='word_1_190' title='bbox 1966 3216 2232 3281; x_wconf 88' lang='lat' dir='ltr'>caedem</span> 
     </span>
    </p>

    <p class='ocr_par' dir='ltr' id='par_1_11' title="bbox 341 3312 2238 3504">
     <span class='ocr_line' id='line_1_30' title="bbox 341 3312 2237 3404; baseline 0.004 -26"><span class='ocrx_word' id='word_1_191' title='bbox 341 3339 390 3378; x_wconf 87' lang='lat'>10</span> <span class='ocrx_word' id='word_1_192' title='bbox 409 3333 619 3397; x_wconf 87' lang='lat' dir='ltr'>neque</span> <span class='ocrx_word' id='word_1_193' title='bbox 677 3312 770 3377; x_wconf 91' lang='lat' dir='ltr'>illi</span> <span class='ocrx_word' id='word_1_194' title='bbox 831 3315 1030 3381; x_wconf 87' lang='lat' dir='ltr'>fuisse</span> <span class='ocrx_word' id='word_1_195' title='bbox 1092 3336 1397 3399; x_wconf 85' lang='lat' dir='ltr'>umquam</span> <span class='ocrx_word' id='word_1_196' title='bbox 1457 3317 1719 3381; x_wconf 83' lang='lat' dir='ltr'>fratrem</span> <span class='ocrx_word' id='word_1_197' title='bbox 1776 3320 2237 3404; x_wconf 88' lang='lat' dir='ltr'>pernotuisset,</span> 
     </span>
     <span class='ocr_line' id='line_1_31' title="bbox 410 3419 2238 3504; baseline 0.005 -23"><span class='ocrx_word' id='word_1_198' title='bbox 410 3419 580 3483; x_wconf 87' lang='lat' dir='ltr'>haud</span> <span class='ocrx_word' id='word_1_199' title='bbox 632 3421 900 3485; x_wconf 90' lang='lat' dir='ltr'>multum</span> <span class='ocrx_word' id='word_1_200' title='bbox 944 3422 1024 3485; x_wconf 87' lang='lat' dir='ltr'>ab</span> <span class='ocrx_word' id='word_1_201' title='bbox 1072 3420 1275 3485; x_wconf 83' lang='lat' dir='ltr'>exitio</span> <span class='ocrx_word' id='word_1_202' title='bbox 1321 3421 1516 3504; x_wconf 91' lang='lat' dir='ltr'>legati</span> <span class='ocrx_word' id='word_1_203' title='bbox 1568 3422 1852 3487; x_wconf 88' lang='lat' dir='ltr'>aberant.</span> <span class='ocrx_word' id='word_1_204' title='bbox 1942 3424 2238 3491; x_wconf 87' lang='lat' dir='ltr'>tribunos</span> 
     </span>
    </p>
   </div>
  </div>
 </body>
</html>
