2467 3900
642 294 717 332 AB
744 281 995 334 Excusso
1021 291 1150 333 DIVI
1175 291 1431 334 Aueusn
1457 293 1520 334 lv
1547 292 1714 332 20—24.
1974 286 2002 340 1
2015 287 2086 344 75

263 459 497 518 natum.
547 452 838 538 datisque
882 451 1201 518 iudicibus
1245 450 1608 536 Urgulania
1652 451 1898 516 Silvani
1942 452 2089 516 avia

264 557 615 642 pugionem
668 557 893 641 nepoti
950 557 1146 620 misit.
1235 555 1411 640 quod
1456 555 1728 640 perinde
1775 556 2088 622 creditum
2106 574 2159 615 ιο

268 663 449 747 quasi
509 661 816 746 principis
879 661 1129 725 monitu
1194 660 1278 724 ob
1345 659 1692 725 amicitiam
1747 658 2087 744 Augustae

266 787 411 830 cum
445 765 819 848 Urgulania.
882 786 1031 829 reus
1068 763 1306 828 frustra
1336 770 1652 848 temptato
1685 764 1856 830 ferro
1891 787 2090 830 venas
2151 801 2153 804 ⁴

264 870 561 989 praebuit
592 867 1044 935 exsolvendas.
1106 891 1266 933 mox
1295 869 1690 934 Numantina
1717 870 1894 954 prior
1923 891 2090 934 uxor

266 974 436 1059 eius,
500 979 801 1039 accusata
850 973 1146 1038 iniecisse
1208 972 1594 1037 carminibus
1655 980 1720 1037 et
1764 973 2088 1038 veneficiis

264 1077 676 1144 vaecordiam
722 1079 976 1159 marito,
1020 1077 1240 1141 insons
1283 1077 2159 1142 iudicatur.15

395 1185 499 1246 23.
545 1183 613 1247 Is
646 1182 907 1248 demum
934 1202 1139 1248 annus
1165 1182 1479 1266 populum
1500 1180 1866 1246 Romanum
1889 1182 2087 1266 longo

266 1286 610 1352 adversum
652 1285 1001 1351 Numidam
1046 1285 1517 1350 Tacfarinatem
1572 1285 1747 1350 bello
1793 1286 2090 1352 absolvit.

266 1412 414 1456 nam
458 1393 707 1476 priores
755 1391 949 1456 duces
994 1393 1106 1456 ubi
1151 1390 1561 1475 impetrando
1609 1390 2090 1476 triumphalium

266 1495 505 1580 insigni
566 1493 856 1560 sufficere
927 1515 1033 1559 res
1106 1515 1256 1560 suas
1324 1493 1769 1577 crediderant,
1835 1495 2092 1558 hostem

272 1590 685 1681 omittebant3
730 1600 985 1685 iamque
1020 1605 1153 1664 tres
1182 1600 1510 1663 laureatae
1549 1599 1618 1663 in
1647 1600 1806 1664 urbe
1839 1605 2133 1664 statueres

273 1710 337 1768 et
402 1704 612 1768 adhuc
680 1705 977 1788 raptabat
1037 1703 1324 1778 Africam
1387 1703 1752 1768 Tacfarinas
1769 1753 1786 1786 ,
1867 1714 2092 1770 auctus

270 1807 640 1873 Maurorum
695 1809 982 1892 auxiliis,
1051 1809 1192 1893 qui,
1259 1808 1638 1872 Ptolemaeo
1697 1807 1900 1873 Iubae
1957 1807 2088 1871 filio

268 1914 531 1979 iuventa
572 1913 935 1995 incuriose,
982 1912 1252 1977 libertos
1295 1911 1514 1996 regios
1561 1918 1627 1976 et
1671 1911 1928 1977 servilia
1971 1913 2089 1977 im-

268 2020 449 2104 peria
491 2018 663 2083 bello
710 2024 1138 2084 mutaverant.
1228 2017 1616 2102 praedarum
1672 2022 1972 2102 receptor
2017 2040 2093 2081 ac

270 2126 482 2188 socius
526 2122 882 2208 populandi
924 2143 1045 2187 rex
1093 2124 1588 2205 Garamantum,
1649 2143 1782 2185 non
1831 2128 1904 2185 ut
1951 2142 2092 2185 cum
2111 2149 2164 2189 10

272 2230 566 2293 exercitu
606 2226 940 2291 incederet
984 2226 1100 2290 sed
1136 2227 1348 2291 missis
1377 2228 1630 2293 levibus
1663 2227 1883 2312 copiis,
1930 2246 2094 2310 quae

273 2354 358 2397 ex
413 2332 769 2449 longinquo
832 2332 899 2395 in
964 2332 1169 2394 maius
1213 2332 1677 2413 audiebantur3
1742 2331 2009 2415 ipsaque
2057 2352 2094 2394 e

270 2435 636 2521 provincia,
682 2440 755 2497 ut
798 2434 939 2520 quis
982 2434 1242 2499 fortuna
1285 2436 1506 2519 inope,
1545 2436 1849 2500 moribus
1893 2435 2094 2500 turbi-

276 2540 428 2621 dus,
490 2538 850 2641 promptius
905 2538 1209 2619 ruebant,
1274 2538 1424 2621 quia
1479 2533 1719 2602 Caesar
1780 2546 1930 2623 post
1991 2560 2096 2603 res

274 2666 312 2708 a
342 2642 575 2707 Blaeso
610 2649 845 2726 gestae,
893 2641 1072 2726 quasi
1116 2642 1329 2706 nullis
1356 2632 1483 2705 iam
1529 2642 1595 2705 in
1631 2642 1852 2710 Africa
1894 2644 2166 2709 hosti-1⁵

272 2749 427 2831 bus,
472 2748 793 2833 reportari
834 2755 1072 2813 nonam
1117 2746 1445 2830 legionem
1493 2748 1766 2812 iusserat
1809 2769 1930 2813 nec
1975 2769 2092 2833 pro

276 2852 538 2917 consule
585 2852 723 2916 eius
770 2852 921 2917 anni
949 2852 1023 2915 P.
1048 2851 1394 2916 Dolabella
1421 2852 1704 2916 retiner-e
1737 2872 1929 2917 ausus
1961 2859 2098 2917 erat

275 2958 447 3020 iussa
489 2956 795 3040 principis
838 2957 1046 3039 magis
1091 2975 1285 3039 quam
1316 2954 1564 3019 incerta
1593 2956 1748 3021 belli
1778 2962 2095 3021 metuens.

405 3062 508 3124 24.
579 3059 789 3143 Igitur
851 3059 1215 3125 Tacfarinas
1282 3059 1572 3146 disperso
1635 3080 1894 3126 rumore
1957 3081 2096 3124 rem

274 3164 636 3230 Romanam
703 3163 845 3227 aliis
910 3183 1168 3248 quoque
1237 3165 1317 3228 ab
1381 3158 1752 3230 nationibus
1827 3158 2117 3228 lacerari

282 3288 490 3352 eoque
528 3268 839 3354 paulatim
867 3266 1091 3332 Africa
1124 3266 1441 3334 decedere
1472 3262 1554 3333 'ac
1590 3264 1784 3351 posse
1814 3266 2098 3351 reliquos

281 3375 757 3455 circumveniri,
820 3376 873 3438 si
937 3376 1148 3439 cuncti
1211 3374 1442 3461 quibus
1505 3373 1768 3438 libertas
1833 3368 2094 3438 servitio

280 3479 495 3564 potior
534 3480 987 3561 incubuissent,
1037 3487 1232 3563 auget
1275 3480 1448 3543 vires
1481 3478 1840 3561 positisque
1874 3477 2140 3542 castris5
