2467 3900
681 245 754 283 AB
781 243 1036 285 EXCESSU
1066 245 1198 283 DIVI
1223 243 1480 284 AUGUSTI
1505 244 1568 283 IV
1596 244 1765 283 46-48.
2022 241 2132 296 193

311 404 676 487 castellum,
721 405 895 492 quod
941 425 1174 489 magna
1217 405 1317 469 vis
1364 410 1607 468 armata
1652 409 1763 467 aut
1804 402 2135 469 incondita

309 509 627 574 tuebatur.
704 508 892 573 simul
927 509 994 572 in
1037 507 1496 589 ferocissimos,
1544 507 1652 592 qui
1697 513 1846 571 ante
1892 507 2136 572 vallum

310 633 492 678 more
535 613 747 696 gentis
795 635 942 678 cum
987 614 1372 678 carminibus
1432 619 1497 676 et
1542 612 1839 697 tripudiis
1884 613 2205 698 persul-15

308 715 551 798 tabant,
595 717 791 780 mittit
822 715 1114 781 delectos
1144 717 1646 799 sagittariorum.
1712 717 1757 780 ii
1789 717 1943 783 dum
1976 718 2135 782 emi-

310 841 430 883 nus
485 820 976 904 grassabantur,
1039 820 1266 884 crebra
1327 826 1393 883 et
1454 820 1657 884 inulta
1713 823 1982 888 vulnera
2038 823 2133 888 fe-

312 945 488 990 cere:
536 926 808 1010 propius
852 924 1230 989 incedentes
1279 924 1617 1006 eruptione
1654 926 1865 990 subita
1894 927 2136 991 turbati

309 1036 457 1093 sunt
475 1029 848 1114 receptique
881 1027 1166 1093 subsidio
1187 1027 1586 1112 Sugambrae
1612 1030 1914 1113 cohortis,
1945 1051 2134 1115 quam

308 1133 640 1198 Romanus
688 1139 1051 1217 promptam
1099 1131 1182 1195 ad
1227 1131 1516 1216 pericula
1567 1152 1688 1197 nec
1734 1132 1942 1209 minus
1989 1154 2135 1197 can·
2154 1151 2207 1190 20

309 1246 492 1302 tuum
553 1243 617 1300 et
675 1257 1000 1300 armorum
1060 1237 1338 1301 tumultu
1396 1240 1645 1301 trucem
1700 1236 1875 1301 haud
1912 1239 2138 1323 procul

310 1341 724 1405 instruxerat.

441 1447 545 1508 48.
608 1445 946 1510 Translata
1003 1445 1237 1510 dehinc
1297 1451 1503 1509 castra
1560 1444 1815 1509 hostem
1873 1452 2140 1531 propter

311 1550 552 1615 relictis
598 1548 770 1635 apud
816 1550 1032 1634 priora
1075 1549 1473 1613 munimenta
1515 1547 1932 1630 Thraecibus,
1975 1571 2138 1634 quos

312 1654 498 1719 nobis
543 1654 826 1719 adfuisse
873 1653 1254 1742 memoravi.
1344 1653 1551 1738 iisque
1596 1653 1983 1738 permissum
2025 1675 2137 1718 va-

314 1763 482 1822 stare
513 1778 701 1824 urere
748 1757 1004 1822 trahere
1032 1757 1329 1843 praedas,
1377 1756 1531 1821 dum
1558 1759 1895 1842 populatio
1926 1758 2139 1824 lucem

313 1862 480 1927 intra
541 1863 875 1926 sisteretur
937 1866 1325 1946 noctemque
1387 1860 1450 1923 in
1516 1862 1741 1925 castris
1804 1866 2010 1926 tutam
2072 1868 2136 1926 et
2158 1887 2183 1923 5

310 1968 578 2051 vigilem
637 1974 1066 2053 capesserent.
1170 1967 1240 2031 id
1297 1968 1503 2053 primo
1564 1973 1921 2032 servatum:
1981 1988 2138 2032 mox

313 2074 484 2140 versi
506 2074 571 2136 in
593 2074 820 2137 luxum
846 2080 913 2137 et
932 2072 1131 2156 raptis
1157 2071 1450 2155 opulenti
1480 2072 1778 2137 omittere
1805 2072 2137 2157 stationes,

314 2178 574 2244 lascivia
618 2177 952 2261 epularum
997 2182 1106 2240 aut
1153 2195 1380 2239 somno
1414 2179 1481 2239 et
1508 2175 1660 2240 vino
1693 2175 2137 2259 procumbere.

313 2281 511 2364 igitur
556 2280 779 2344 hostes
825 2278 1072 2343 incuria
1117 2299 1341 2342 eorum
1379 2284 1689 2362 conperta
1721 2277 1847 2344 duo
1882 2278 2140 2363 agmina

316 2386 572 2467 parant,
633 2400 907 2466 quorum
951 2382 1153 2447 altero
1200 2383 1619 2466 populatores
1657 2382 2139 2462 invaderentur,
2159 2401 2209 2439 10

316 2486 423 2550 alii
453 2492 660 2549 castra
683 2485 977 2551 Romana
1009 2484 1478 2569 adpugnarent,
1508 2510 1641 2553 non
1670 2508 1786 2572 spe
1819 2487 2139 2572 capiendi,

317 2587 434 2653 sed
477 2595 550 2652 ut
596 2589 873 2653 clamore
905 2588 1050 2652 telis
1083 2607 1200 2652 suo
1235 2588 1505 2673 quisque
1534 2589 1823 2672 periculo
1858 2591 2141 2655 intentus

317 2715 618 2759 sonorem
662 2693 926 2758 alterius
969 2693 1205 2777 proelii
1249 2714 1383 2757 non
1413 2694 1757 2779 acciperet.
1832 2695 2140 2759 tenebrae

316 2798 578 2881 insuper
623 2796 914 2861 delectae
960 2794 1325 2880 augendam
1370 2795 1452 2860 ad
1498 2796 1933 2864 formidinem.
2025 2798 2138 2863 sed

316 2904 426 2987 qui
456 2902 697 2968 vallum
723 2901 1055 2986 legionum
1091 2902 1517 2985 temptabant,
1562 2901 1748 2967 facile
1780 2902 2208 2986 pelluntur31⁵

315 3005 677 3070 Thraecum
721 3004 963 3068 auxilia
1006 3004 1348 3089 repentino
1394 3004 1656 3068 incursu
1698 3005 1952 3087 territa,
1996 3024 2140 3068 cum

314 3131 463 3195 pars
508 3108 968 3174 munitionibus
1014 3107 1422 3190 adiacerent,
1470 3109 1689 3193 plures
1735 3114 1921 3174 extra
1963 3110 2138 3192 pala-

316 3222 554 3297 rentur,
599 3220 780 3279 tanto
826 3212 1136 3277 infensius
1182 3214 1387 3295 caesi,
1432 3218 1671 3297 quanto
1720 3212 2029 3297 perfugae
2076 3218 2141 3276 et

316 3318 681 3402 proditores
737 3319 905 3383 ferre
963 3338 1143 3383 arma
1199 3317 1284 3382 ad
1342 3338 1528 3381 suum
1582 3317 1959 3402 patriaeque
2004 3338 2137 3381 ser-

316 3420 543 3485 vitium
587 3420 1060 3486 incusabantur.
2158 3447 2209 3486 20
