2467 3900
397 211 474 266 50
1085 214 1363 255 conunnn
1392 215 1585 255 TAGITI

396 373 590 439 tradit
612 375 682 440 O.
707 375 972 460 Plinius,
1009 375 1540 440 Germanicorum
1572 376 1891 442 bellorum
1924 377 2226 460 scriptor,

396 480 649 544 stetisse
697 479 871 564 apud
915 479 1299 565 principium
1344 481 1579 564 pontis,
1627 480 1850 545 laudes
1892 487 1959 544 et
2003 488 2225 565 grates

326 606 376 644 ιο
394 583 670 647 reversis
716 584 1078 666 legionibus
1114 585 1484 650 habentem.
1559 585 1626 648 id
1656 585 1894 649 Tiberii
1935 586 2225 650 animum

394 690 583 752 altius
628 689 1022 772 penetravit:
1084 710 1215 752 non
1263 690 1433 753 enim
1491 691 1814 774 simplices
1862 712 1969 754 eas
2034 712 2223 754 curas

286 803 295 812 ‘
392 815 514 858 nec
543 792 850 858 adversus
882 805 1185 858 externos
1217 794 1489 858 militem
1520 794 1761 878 quaeri.
1814 793 1983 857 -nihil
2030 795 2221 858 relic-

394 902 529 962 tum
574 898 1102 982 imperatoribus,
1153 899 1267 961 ubi
1311 898 1553 962 femina
1597 897 1962 982 manipulos
2019 899 2221 961 inter-

392 1002 574 1084 visat,
620 1001 803 1084 signa
839 1001 1048 1084 adeat,
1095 1001 1507 1083 largitionem
1550 1006 1844 1086 temptet,
1889 1006 2222 1086 tamquam

323 1127 374 1164 15
391 1128 620 1191 parum
663 1107 1003 1171 ambitiose
1049 1106 1252 1169 filium
1302 1104 1479 1169 ducis
1527 1105 1775 1190 gregali
1826 1105 2049 1168 habitu
2098 1105 2219 1169 cir-

393 1212 703 1275 cumferat
750 1209 1224 1293 Caesaremque
1274 1208 1632 1292 Caligulam
1681 1209 1995 1293 appellari
2040 1209 2220 1272 velit.

390 1317 711 1399 potiorem
770 1315 898 1377 iam
945 1312 1118 1398 apud
1177 1313 1503 1377 exercitus
1548 1313 1978 1397 Agrippinam
2025 1335 2220 1396 quam

389 1421 680 1502 legatos3
748 1439 1158 1502 conpressam
1218 1439 1257 1480 a
1312 1417 1582 1482 muliere
1631 1416 2052 1497 seditionem,
2118 1417 2222 1481 cui

390 1545 626 1587 nomen
670 1522 974 1607 principis
1022 1521 1332 1585 obsistere
1364 1542 1494 1585 non
1526 1523 1824 1605 quiverit.
1900 1520 2220 1585 accende-

321 1629 498 1691 2obat
565 1628 726 1692 haec
794 1627 1228 1710 onerabatque
1292 1626 1595 1708 Seianae,
1662 1626 1895 1711 peritia
1957 1647 2217 1690 morum

389 1731 630 1795 Tiberii
679 1729 828 1794 odia
870 1731 938 1793 in
981 1731 1247 1814 longum
1302 1731 1567 1814 iaciens,
1616 1751 1779 1814 quae
1826 1728 2223 1794 reconderet

391 1842 704 1920 auctaque
749 1841 1096 1920 promeret.

521 1942 622 2006 70.
686 1940 778 2006 At
825 1940 1250 2025 Germanicus
1313 1940 1672 2023 legionum,
1720 1962 1879 2025 quas
1941 1939 2220 2005 navibus

389 2054 689 2127 vexerat,
753 2043 1104 2109 secundam
1151 2050 1219 2107 et
1266 2050 1555 2127 quartam
1602 2043 1939 2109 decumam
1985 2044 2220 2107 itinere

387 2151 676 2215 terrestri
720 2150 794 2213 P.
837 2148 1106 2212 Vitellio
1157 2147 1484 2211 ducendas
1542 2145 1767 2229 tradit,
1830 2168 1957 2230 quo
2005 2147 2222 2211 levior

389 2256 604 2319 classis
636 2253 879 2319 vadoso
927 2253 1089 2317 mari
1134 2253 1387 2316 innaret
1415 2251 1523 2315 vel
1565 2251 1899 2336 reciproco
1948 2250 2218 2315 sideret.

303 2359 688 2424 &Vitellius
761 2358 1040 2443 primum
1099 2358 1224 2421 iter
1282 2357 1451 2421 sicca
1525 2355 1721 2418 humo
1785 2361 1894 2419 aut
1953 2354 2219 2420 modice

388 2463 729 2527 adlabente
793 2468 974 2525 aestu
1038 2462 1331 2546 quietum
1399 2459 1660 2524 habuit:
1737 2480 1894 2522 mox
1956 2458 2221 2541 inpulsu

387 2566 734 2650 aquilonis,
783 2566 971 2629 simul
1017 2565 1229 2629 sidere
1278 2562 1700 2647 aequinoctii,
1754 2584 1881 2647 quo
1930 2562 2217 2627 maxime

386 2671 686 2734 tumescit
719 2669 1034 2752 Oceanus,
1082 2669 1221 2753 rapi
1268 2670 1501 2752 agique
1548 2688 1802 2751 agmen.
1886 2672 1952 2731 et
1985 2667 2215 2751 opple-

386 2774 616 2838 bantur
673 2780 916 2837 terrae:
986 2772 1217 2837 eadem
1263 2773 1426 2835 freto
1487 2771 1662 2834 litori
1718 2770 1955 2855 campis
2016 2771 2217 2835 facies

317 2903 367 2941 10
387 2897 595 2959 neque
631 2875 906 2941 discerni
950 2881 1255 2962 poterant
1300 2876 1545 2940 incerta
1575 2876 1654 2938 ab
1697 2875 1940 2954 solidis,
1988 2876 2217 2940 brevia

386 3002 425 3043 a
453 2980 807 3065 profundis,
878 2986 1247 3044 sternuntur
1277 2979 1594 3060 fluctibus,
1639 2979 2023 3044 hauriuntur
2058 3001 2212 3065 gur-

384 3086 650 3170 gitibus3
698 3085 1005 3166 iumenta,
1039 3085 1349 3167 sarcinae,
1384 3104 1653 3167 corpora
1684 3083 1983 3146 exanima
2013 3083 2213 3146 inter-

384 3192 608 3273 fluunt,
658 3195 1010 3253 occursant.
1072 3189 1541 3274 permiscentur
1577 3188 1745 3251 inter
1776 3209 1846 3252 se
1878 3188 2211 3273 manipuli,

385 3293 580 3357 modo
645 3300 910 3378 pectore
979 3293 1174 3356 modo
1243 3313 1353 3357 ore
1412 3299 1598 3357 tenus
1657 3297 2025 3373 exstantes,
2092 3291 2209 3354 ali-

319 3422 370 3459 15
389 3396 643 3478 quando
704 3398 1026 3460 subtracto
1091 3395 1229 3458 solo
1280 3394 1531 3459 disiecti
1588 3400 1699 3458 aut
1756 3396 1985 3460 obruti.
2077 3417 2211 3460 non
