2467 3900
327 213 402 272 10
1000 221 1279 262 commu
1328 223 1526 263 TAOITI

263 391 318 430 20
345 382 410 439 et
467 377 707 461 nuptiis
775 377 1014 442 sororis
1072 379 1382 443 inlectum
1442 377 1753 444 subdolae
1817 379 2163 444 adfinitatis

337 500 583 564 poenas
615 490 824 547 morte
859 484 1238 548 exsolvisse.
1321 505 1548 568 pacem
1594 484 1730 548 sine
1781 483 1977 548 dubio
2016 493 2165 569 post

336 584 532 666 haec,
595 607 822 651 verum
891 593 1253 652 cruentam:
1334 587 1663 653 Lollianas
1719 587 2162 672 Varianasque

335 690 592 773 cladeS,
667 691 1039 756 interfectos
1115 692 1367 757 Romae
1438 690 1769 756 Varrones
1846 693 2161 776 Egnatios

332 793 532 858 Iulos.
612 817 735 860 nec
783 796 1155 863 domesticis
1195 797 1670 862 abstinebatur:
1718 797 1995 862 abducta
2025 799 2157 862 Ne-

237 919 308 958 .25
333 900 475 963 roni
520 921 690 965 uxor
736 908 803 964 et
841 904 1117 966 consulti
1147 924 1265 987 per
1306 902 1657 968 ludibrium
1703 905 2039 987 pontifices
2078 925 2158 967 an

331 1002 452 1067 rite
517 1005 823 1088 nuberet;
886 1006 1083 1071 Vedii
1144 1008 1461 1072 Pollionis
1523 1010 1747 1089 luxus:
1825 1015 2155 1093 postremo

328 1104 514 1171 Livia
557 1109 774 1190 gravis
812 1117 1036 1194 mater,
1081 1113 1299 1196 gravis
1344 1132 1644 1177 noverca.
1690 1111 1852 1177 nihil
1886 1113 2153 1178 deorum

328 1212 682 1277 honoribus
742 1215 1074 1297 relictum,
1151 1237 1295 1280 cum
1358 1238 1427 1280 se
1488 1216 1746 1300 templis
1804 1222 1871 1281 et
1934 1217 2147 1300 effigie

326 1317 661 1381 numinum
707 1340 826 1402 per
881 1320 1174 1384 flamines
1221 1325 1289 1385 et
1346 1318 1715 1384 sacerdotes
1764 1320 1888 1385 coli
1933 1321 2149 1385 vellet.

254 1434 408 1485 so'ne
472 1421 803 1486 Tiberium
878 1425 1139 1509 quidem
1207 1426 1469 1490 caritate
1532 1433 1642 1489 aut
1703 1425 1799 1488 rei
1853 1424 2149 1508 publicae

325 1545 477 1588 cura
538 1546 975 1611 successorem
1053 1527 1406 1610 adscitum,
1485 1526 1603 1592 sed
1661 1527 1962 1612 quoniam
2028 1528 2139 1590 ad-

321 1629 684 1714 rogantiam
763 1632 1226 1717 saevitiamque
1306 1631 1803 1716 introspexerit,
1882 1653 2139 1716 compa-

319 1730 568 1795 ratione
630 1731 976 1800 deterrima
1032 1736 1154 1800 sibi
1212 1736 1487 1819 gloriam
1537 1738 1951 1821 quaesivisse.
2044 1745 2137 1800 et-

337 1836 511 1899 enim
552 1837 888 1920 Augustus
946 1840 1165 1924 paucis
1224 1846 1375 1905 ante
1420 1840 1637 1923 annis,
1700 1861 1845 1904 cum
1888 1839 2147 1904 Tiberio

250 1958 304 1997 3⁵
335 1940 735 2007 tribuniciam
785 1950 1173 2029 potestatem
1217 1966 1257 2009 a
1300 1944 1587 2032 patribus
1635 1966 1882 2010 rursum
1925 1952 2149 2030 postu-

326 2043 525 2129 laret,
593 2068 978 2133 quamquam
1018 2051 1268 2114 honora
1315 2050 1638 2133 oratione,
1702 2049 2019 2135 quaedam
2067 2049 2149 2113 de

318 2150 543 2215 habitu
589 2152 890 2237 cultuque
940 2159 1005 2217 et
1048 2154 1356 2218 institutis
1414 2154 1687 2237 iecerat,
1751 2174 1915 2238 quae
1962 2144 2141 2218 velut

320 2256 690 2323 excusando
743 2258 1184 2343 exprobraret.
1246 2264 1531 2322 ceterum
1580 2258 1915 2342 sepultura
1959 2248 2143 2323 more

319 2359 606 2443 perfecta
663 2362 975 2446 templum
1035 2369 1099 2426 et
1144 2361 1458 2426 caelestes
1519 2362 1869 2445 religiones
1918 2361 2143 2425 decer-

249 2470 578 2531 40nuntur.

454 2577 551 2637 11.
613 2572 860 2637 Versae
905 2570 1056 2635 inde
1104 2569 1186 2633 ad
1229 2570 1561 2637 Tiberium,
1599 2590 1848 2654 preces,
1927 2574 1994 2633 et
2034 2569 2143 2633 ille

318 2677 494 2741 varie
528 2676 886 2739 disserebat
931 2674 1012 2739 de
1049 2673 1492 2757 magnitudine
1539 2673 1812 2757 imperii,
1860 2694 1971 2756 sua
2002 2693 2143 2736 mo-

319 2781 544 2844 destia.
623 2781 829 2845 solam
874 2779 1004 2843 divi
1034 2779 1316 2863 Augusti
1362 2784 1646 2845 mentem
1690 2783 1906 2841 tantae
1952 2776 2145 2841 molis

320 2904 658 2969 capacem:
707 2905 777 2947 se
822 2883 888 2947 in
930 2890 1184 2967 partem
1228 2904 1521 2947 curarum
1568 2883 1646 2946 ab
1692 2882 1807 2945 illo
1839 2888 2145 2945 vocatum
2416 2834 2431 3025 l

275 2988 720 3072 5experiendo
771 2987 1070 3051 didicisse
1122 3007 1314 3071 quam
1369 2985 1671 3069 arduum,
1739 3006 1931 3071 quam
1992 2986 2144 3049 sub-

316 3093 557 3158 iectum
589 3094 883 3157 fortunae
917 3089 1189 3175 regendi
1221 3096 1451 3155 cuncta
1483 3110 1664 3154 onus.
1753 3088 2027 3173 proinde
2075 3090 2139 3153 in

320 3197 578 3262 civitate
610 3202 710 3262 tot
753 3196 1127 3261 inlustribus
1161 3196 1309 3259 viris
1344 3194 1621 3259 subnixa
1663 3214 1797 3257 non
1828 3193 1913 3257 ad
1943 3216 2144 3257 unum

323 3302 539 3365 omnia
569 3301 928 3367 deferrent:
976 3302 1192 3386 plures
1238 3298 1485 3363 facilius
1532 3298 1749 3362 munia
1793 3297 1889 3361 rei
1934 3299 2147 3383 publi·

321 3424 435 3467 cae
480 3406 740 3470 sociatis
785 3405 1112 3470 laboribus
1161 3408 1603 3483 exsecuturos,
1694 3402 1839 3486 plus
1885 3402 1951 3466 in
2001 3424 2147 3467 ora·
2424 3491 2431 3825 1
