2467 3900
678 243 753 280 AB
781 242 1032 282 EXOESSU
1059 243 1190 281 DIVI
1216 243 1472 282 AUGUSTI
1497 243 1543 282 11
1571 243 1740 282 21—24.
2054 239 2121 294 71

288 403 608 487 milesque
656 403 927 488 pavidus
976 411 1040 468 et
1086 426 1348 469 casuum
1390 405 1582 467 maris
1626 404 1921 486 ignaruS,
1980 403 2129 466 dum

292 508 512 572 turbat
559 513 785 572 nautas
829 509 936 573 vel
979 510 1433 594 intempestive
1480 510 1675 591 iuvat,
1725 509 1932 573 officia
1973 530 2126 593 pru-

295 611 588 676 dentium
619 593 1120 697 'corrumpebat
1214 635 1403 678 omne
1465 613 1697 677 dehinc
1760 615 2011 677 caelum
2060 618 2128 676 et
2146 642 2195 680 10

295 738 472 781 mare
533 737 719 780 omne
781 717 847 780 in
906 724 1189 781 austrum
1245 717 1465 796 cessit,
1527 717 1635 800 qui
1679 717 1912 782 umidis
1962 718 2123 782 Ger-

291 822 543 885 maniae
601 821 824 903 terris,
883 819 1215 906 profundis
1268 820 1590 903 amnibus,
1646 821 1958 884 immenso
2006 841 2122 883 nu-

261 919 470 988 'bium
514 929 720 989 tractu
765 925 1016 990 validus
1063 933 1129 990 et
1173 926 1390 1008 rigore
1436 925 1627 990 vicini
1669 925 2124 1008 septentrionis

292 1028 617 1092 horridior
646 1029 858 1113 rapuit
893 1029 1267 1113 disiecitque
1301 1049 1497 1093 naves
1529 1029 1595 1091 in
1626 1035 1850 1112 aperta
1883 1027 2123 1092 Oceani

289 1137 403 1194 aut
459 1132 699 1195 insulas
759 1132 930 1195 saxis
990 1132 1276 1217 abruptis
1333 1133 1439 1197 vel
1496 1154 1612 1217 per
1662 1133 1913 1196 occulta
1956 1133 2126 1196 vada
2142 1160 2193 1198 15

287 1235 571 1300 infestas.
663 1235 892 1320 quibus
951 1237 1211 1320 paulum
1264 1257 1589 1321 aegreque
1634 1237 1879 1316 vitatis,
1943 1243 2119 1321 post-

288 1362 484 1426 quam
525 1342 812 1406 mutabat
858 1346 1072 1404 aestus
1119 1339 1479 1425 eodemque
1529 1361 1652 1423 quo
1692 1346 1921 1405 ventus
1952 1341 2119 1406 fere-

286 1445 421 1527 bat,
465 1466 596 1509 non
644 1442 997 1508 adhaerere
1030 1445 1300 1524 ancoris,
1346 1465 1475 1508 non
1511 1443 1851 1508 exhaurire
1881 1444 2121 1508 inrum-

285 1547 501 1632 pentis
563 1546 768 1611 undas
827 1553 1159 1631 poterant:
1237 1548 1386 1632 equi
1456 1547 1741 1612 iumenta
1811 1549 2118 1631 sarcinae,

288 1651 484 1717 etiam
544 1673 718 1714 arma
770 1653 1307 1737 praecipitantur,
1367 1674 1493 1737 quo
1542 1654 1909 1718 levarentur
1955 1655 2122 1720 alvei
2137 1677 2189 1715 20

283 1764 620 1821 manantes
666 1778 783 1841 per
826 1757 1033 1821 latera
1079 1762 1144 1821 et
1188 1758 1386 1822 fluctu
1424 1766 1909 1841 superurgente.

421 1862 522 1924 24.
571 1861 823 1936 Quanto
873 1862 1218 1927 violentior
1263 1866 1479 1925 cetero
1528 1862 1685 1925 mari
1719 1862 2015 1930 Oceanus
2054 1871 2119 1928 et

281 1965 672 2031 truculentia
731 1966 893 2031 caeli
939 1970 1226 2051 praestat
1275 1964 1650 2045 Germania,
1711 1971 1958 2029 tantum
2004 1967 2117 2031 illa

284 2071 503 2135 clades
534 2070 822 2135 novitate
857 2077 922 2134 et
952 2062 1395 2153 magnitudine
1429 2068 1727 2152 excessit,
1773 2069 2115 2134 hostilibus

228 2173 233 2178 ’
283 2174 525 2239 circum
568 2174 862 2240 litoribus
910 2181 1019 2238 aut
1054 2176 1144 2239 ita
1172 2181 1356 2239 vasto
1394 2181 1457 2239 et
1488 2174 1828 2259 profunde,
1875 2181 1946 2239 ut
1978 2197 2112 2240 cre-

285 2278 477 2344 datur
537 2280 955 2344 novissimum
1021 2301 1094 2343 ac
1156 2280 1293 2344 sine
1356 2280 1563 2343 terris.
1652 2300 1800 2363 pars
1857 2280 2158 2347 navium5

185 2371 192 2374 ⁷
280 2383 552 2447 haustae
612 2390 790 2465 sunt,
849 2384 1065 2469 plures
1125 2384 1299 2468 apud
1357 2384 1597 2447 insulas
1655 2383 1913 2466 longius
1962 2385 2114 2448 sitas

281 2488 529 2553 eiectae
589 2489 901 2573 milesque
953 2489 1130 2552 nullo
1177 2489 1311 2553 illic
1352 2488 1682 2553 hominum
1727 2489 1900 2553 cultu
1946 2489 2113 2554 fame

281 2592 692 2678 absumptuS,
757 2594 879 2657 nisi
941 2613 1102 2677 quos
1166 2612 1442 2675 corpora
1504 2611 1815 2675 equorum
1881 2592 2111 2657 eodem

283 2698 441 2763 elisa
485 2698 936 2764 toleraverant.
1015 2698 1153 2763 sola
1187 2697 1557 2763 Germanici
1594 2698 1869 2761 triremis
1904 2697 2113 2762 Chau-

282 2822 503 2866 corum
550 2808 787 2866 terram
834 2802 1112 2888 adpulit3
1162 2822 1355 2886 quem
1393 2821 1511 2886 per
1544 2822 1767 2865 omnes
1797 2801 1943 2866 illos
1976 2802 2113 2865 dies
2134 2826 2184 2865 10

281 2910 634 2990 noctesque
667 2906 840 2992 apud
871 2907 1173 2992 scopulos
1207 2914 1273 2971 et
1304 2906 1726 2992 prominentis
1759 2928 1923 2989 oraS,
1967 2928 2110 2971 cum

281 3032 350 3075 se
414 3012 576 3074 tanti
640 3012 821 3077 exitii
882 3033 1066 3077 reum
1132 3013 1523 3092 clamitaret,
1586 3010 1699 3075 vix
1762 3011 2109 3075 cohibuere

279 3116 468 3179 amici
516 3136 642 3199 quo
687 3116 898 3180 minus
944 3115 1176 3180 eodem
1221 3116 1384 3179 mari
1416 3119 1774 3199 oppeteret.
1849 3113 2111 3178 tandem

276 3220 612 3284 relabente
645 3228 829 3285 aestu
862 3226 926 3285 et
959 3220 1354 3284 secundante
1386 3224 1579 3283 vento
1616 3218 1879 3283 claudae
1912 3214 2110 3282 naves

276 3344 424 3388 raro
479 3324 751 3409 remigio
803 3332 913 3389 aut
956 3325 1218 3389 intentis
1263 3323 1550 3388 vestibus
1600 3329 1663 3387 et
1709 3321 2025 3408 quaedam
2072 3344 2181 3385 a1⁶

277 3427 696 3493 validioribus
727 3433 971 3493 tractae
997 3433 1356 3509 revertere3
1390 3449 1546 3511 quas
1572 3427 1806 3509 raptim
1835 3427 2107 3491 refectas
