2467 3900
382 259 498 316 212
707 317 710 320 ,
1013 258 1293 300 connnnn
1319 257 1517 298 mern

516 419 616 484 75.
684 418 993 483 Ceterum
1071 417 1367 482 Tiberius
1437 424 1701 502 neptem
1774 415 2217 500 Agrippinam

386 525 774 592 Germanico
839 528 1044 586 ortam
1103 543 1246 586 eum
1308 542 1527 585 coram
1574 520 1690 584 Cn,
1736 520 2029 585 Domitio
2076 525 2217 583 tra-

384 629 672 709 didisset,
695 627 760 690 in
781 627 938 691 urbe
961 625 1275 690 celebrari
1292 625 1551 710 nuptias
1574 625 1776 689 iussit.
1824 625 1893 687 in
1912 623 2212 688 Domitio

383 755 576 818 super
621 739 1008 797 vetustatem
1053 729 1313 815 generis
1357 730 1789 815 propinquum
1822 727 2215 793 Caesaribus

343 839 760 922 osanguinem
826 835 1188 920 delegerat3
1253 856 1404 898 nam
1468 834 1678 898 aviam
1744 832 2083 898 Octaviam
2148 839 2219 897 et

382 941 748 1027 Augustum
793 941 1179 1005 avunculum
1223 940 1653 1025 praeferebat.

801 1277 1336 1362 CORNELII
1399 1272 1785 1361 TACITI

589 1459 723 1532 AB
778 1458 1220 1532 EXGESSU
1276 1459 1491 1532 DIVI
1544 1457 1989 1532 AUGUSTI

761 1619 989 1678 LIBRI
1046 1620 1122 1680 v.
1229 1619 1821 1679 FRAGMENTUM.

520 1883 578 1945 1.
644 1880 949 1947 Rubellio
986 1886 1053 1946 et
1083 1881 1267 1945 Fufio
1320 1881 1705 1965 oonsulibus,
1745 1900 2019 1966 quorum
2051 1879 2218 1943 utri-

385 2008 509 2071 que
534 1986 845 2052 Geminus
865 1995 1389 2072 cognomentum,
1421 1987 1590 2052 Iulia
1606 1987 1905 2072 Augusta
1932 1992 2215 2049 mortem

386 2091 574 2174 obiit,
635 2098 848 2155 aetate
910 2097 1235 2173 extrema,
1297 2093 1655 2156 nobilitatis
1708 2112 1827 2177 per
1874 2090 2215 2155 Claudiam

381 2194 691 2258 familiam
712 2201 778 2259 et
797 2194 1150 2279 adoptione
1169 2195 1504 2261 Liviorum
1522 2197 1966 2281 Iuliorumque
1992 2196 2211 2259 elaris-

341 2300 602 2362 5simae.
693 2300 970 2382 primum
1025 2301 1508 2364 matrimonium
1568 2306 1633 2365 et
1678 2300 1866 2364 liberi
1912 2320 2058 2364 cum
2102 2299 2211 2362 Ti-

383 2403 563 2467 berio
610 2402 891 2485 Nerone,
939 2403 1047 2487 qui
1090 2405 1265 2468 bello
1312 2406 1625 2470 Perusino
1673 2402 2005 2489 profuguS,
2050 2422 2214 2487 paee

382 2507 550 2569 inter
573 2505 726 2569 Sex.
748 2507 1130 2591 Pompeium
1173 2531 1249 2573 ao
1272 2510 1641 2575 triumviros
1669 2514 1857 2592 pacta
1886 2508 1953 2572 in
1983 2506 2213 2570 urbem

383 2610 592 2674 rediit.
653 2610 828 2674 exim
850 2610 1090 2677 Caesar
1121 2612 1426 2697 cupidine
1448 2612 1692 2677 formae
1714 2613 1925 2677 aufert
1954 2612 2211 2691 marit0,

383 2715 699 2778 incertum
757 2736 840 2778 an
901 2715 1202 2780 invitam:
1276 2716 1518 2781 nullam
1586 2715 1857 2800 posthae
1916 2714 2209 2777 subolem

316 2841 366 2880 10
389 2818 622 2901 edidit,
682 2820 798 2883 sed
858 2821 1151 2905 sanguini
1197 2820 1482 2905 Augusti
1524 2841 1643 2905 per
1688 2819 2209 2885 coniunctionem

384 2922 788 3008 Agrippinae
832 2929 897 2987 et
930 2922 1296 2987 Germanioi
1333 2924 1589 2988 adnexa
1634 2941 2011 2987 communes
2054 2941 2209 3005 pro·

385 3034 658 3112 nepotes
721 3026 962 3091 habuit.
1071 3027 1407 3091 sanctitate
1487 3026 1713 3091 domus
1774 3027 2057 3112 priscum
2124 3024 2209 3087 ad

385 3152 667 3213 morem,
729 3130 930 3193 comis
989 3130 1158 3193 ultra
1202 3151 1393 3214 quam
1440 3132 1715 3216 antiquis
1758 3131 2012 3195 feminis
2057 3149 2209 3214 pro-

385 3234 624 3315 batum,
671 3238 877 3295 mater
907 3232 1227 3316 inpotens,
1265 3254 1431 3297 uxor
1461 3234 1663 3299 facilis
1691 3241 1757 3299 et
1788 3255 1933 3299 oum
1965 3236 2210 3300 artibus

320 3368 368 3406 15
387 3338 629 3421 mariti,
689 3337 1100 3402 simulatione
1159 3338 1274 3402 filii
1335 3338 1500 3403 bene
1550 3339 1927 3424 composita.
2020 3339 2209 3403 funus

388 3441 736 3523 modicum,
783 3447 1239 3507 testamentum
1287 3442 1395 3506 diu
1428 3443 1706 3508 inritum.
1783 3441 2045 3507 laudata
2089 3462 2209 3528 pro

2434 2298 2439 2443 j
