2467 3900
351 159 429 215 66
1016 163 1293 203 CORNELII
1320 163 1515 203 'errm

350 343 469 407 pos
529 321 727 385 modo
773 322 1070 387 Romano
1134 321 1216 385 ad
1274 322 1598 407 proelium
1656 323 1897 406 bonos,
1964 323 2087 388 sed
2134 325 2198 388 si

350 427 513 492 ratio
579 426 778 505 adsit,
840 426 1032 490 silvas
1089 433 1156 490 et
1213 428 1447 509 saltus3
1505 447 1626 492 nec
1672 428 1842 492 enim
1888 428 2197 493 inmensa.

352 532 768 596 barbarorum
831 534 1042 614 scuta,
1103 531 1386 595 enormis
1445 531 1661 596 hastas
1705 533 1875 596 inter
1916 539 2196 598 truncos

287 663 336 702 10
355 638 657 702 arborum
722 642 788 700 et
833 641 1024 701 enata
1069 636 1268 700 humo
1315 636 1595 722 virgulta
1638 636 1911 721 perinde
1956 636 2197 701 haberi

356 762 548 825 quam
580 740 709 825 pila
741 746 806 804 et
837 740 1090 823 gladios
1123 744 1188 804 et
1218 739 1554 804 haerentia
1586 739 1843 823 corpori
1873 741 2195 822 tegmina.

359 845 705 910 denserent
746 843 932 926 ictus,
983 866 1094 909 ora
1138 843 1552 908 mucronibus
1585 850 2006 929 quaererent:
2053 866 2198 909 non

356 950 622 1014 loricam
671 947 1018 1031 GermanO,
1065 969 1196 1014 non
1242 948 1515 1032 galeam,
1567 970 1650 1012 ne
1698 953 1877 1013 scuta
1921 948 2193 1033 quidem

357 1055 527 1120 ferro
585 1071 870 1118 nervove
928 1052 1210 1133 firmata,
1272 1051 1389 1114 sed
1447 1051 1758 1117 viminum
1814 1057 2035 1116 textus
2080 1053 2197 1118 vel

290 1187 341 1226 15
360 1159 572 1225 tenuis
611 1165 676 1224 et
720 1159 966 1222 fucatas
1015 1157 1231 1221 colore
1278 1156 1562 1237 tabulas3
1617 1155 1888 1240 primam
1934 1162 2199 1221 utcum-

360 1285 485 1350 que
532 1264 740 1327 aciem
783 1262 1130 1342 hastatam‚
1186 1260 1418 1326 ceteris
1462 1267 1765 1345 praeusta
1810 1267 1919 1326 aut
1963 1262 2197 1327 brevia

357 1368 508 1432 tela.
597 1367 726 1430 iam
783 1386 1015 1451 corpus
1073 1370 1146 1430 ut
1189 1365 1331 1430 visu
1376 1372 1631 1430 torvum
1680 1371 1745 1432 et
1792 1367 1873 1430 ad
1917 1368 2193 1433 brevem

358 1472 674 1555 impetum
716 1468 1034 1548 validum,
1095 1470 1186 1532 sic
1230 1468 1408 1534 nulla
1453 1470 1794 1535 vulnerum
1836 1471 2194 1555 patientia:

360 1576 497 1639 sine
528 1573 779 1658 pudore
809 1573 1056 1657 flagitii,
1092 1573 1228 1638 sine
1262 1595 1414 1637 cura
1445 1573 1680 1638 ducum
1708 1577 1906 1657 abire,
1935 1575 2194 1660 fugere,

291 1702 342 1742 20
361 1678 632 1766 pavidos
681 1678 1001 1760 adversiS,
1046 1679 1214 1743 inter
1262 1678 1545 1743 secunda
1589 1701 1719 1743 non
1768 1678 1998 1763 divini,
2055 1703 2195 1746 non

359 1784 624 1850 humani
670 1783 825 1874 iuris
856 1803 1200 1847 memores,
1265 1783 1319 1846 si
1350 1782 1568 1848 taedio
1604 1783 1851 1849 viarum
1885 1806 1960 1848 ac
1988 1787 2195 1850 maris

361 1890 556 1955 finem
613 1889 906 1975 cupiant,
968 1888 1092 1953 hac
1151 1887 1288 1953 acie
1336 1887 1581 1973 parari:
1640 1887 2014 1972 propiorem
2058 1887 2196 1953 iam

360 1993 580 2059 Albim
629 2014 820 2078 quam
865 1992 1167 2057 Rhenum
1212 2013 1423 2077 neque
1470 1992 1711 2057 bellum
1756 1993 1941 2074 ultra,
1990 1992 2194 2057 modo

364 2121 473 2181 se,
531 2098 732 2183 patris
777 2098 1119 2183 patruique
1165 2097 1442 2181 vestigia
1484 2104 1919 2182 prementem,
1978 2098 2197 2161 isdem

297 2231 349 2270 25
365 2203 432 2266 in
478 2202 668 2266 terris
711 2202 1029 2265 victorem
1075 2201 1395 2265 sisterent.

499 2306 598 2367 15.
667 2303 1045 2368 Orationem
1107 2305 1284 2369 ducis
1348 2311 1605 2370 secutus
1666 2306 1939 2369 militum
1996 2306 2198 2371 ardor

365 2410 742 2493 signumque
771 2430 1027 2494 pugnae
1060 2410 1299 2474 datum.
1351 2431 1471 2474 nec
1498 2408 1825 2473 Arminius
1855 2414 1967 2474 aut
1992 2412 2197 2475 ceteri

368 2511 836 2577 Germanorum
894 2534 1199 2597 proceres
1266 2514 1648 2580 omittebant
1711 2536 1861 2580 suos
1920 2516 2194 2601 quisque

363 2617 603 2699 testari,
649 2616 766 2681 hos
815 2637 955 2681 esse
987 2618 1317 2684 Romanos
1346 2616 1613 2682 Variani
1651 2618 1972 2683 exercitus
2003 2620 2193 2702 fuga-

319 2721 684 2804 scissimos‚
745 2722 884 2807 qui,
939 2744 1024 2787 ne
1072 2722 1315 2787 bellum
1358 2724 1741 2800 tolerarent,
1802 2723 2189 2788 seditionem

364 2824 719 2907 induerint3
782 2845 1053 2909 quorum
1098 2847 1247 2910 pars
1298 2833 1526 2891 onusta
1569 2825 1939 2891 vulneribus
1984 2831 2191 2913 terga,

359 2951 508 3015 pars
565 2929 860 2994 fluctibus
922 2936 986 2994 et
1044 2930 1345 3015 procellis
1403 2929 1639 2994 fractos
1697 2934 1871 2994 artus
1925 2930 2192 2994 infensis

358 3055 610 3100 rursum
655 3033 966 3115 hostibus,
1011 3034 1297 3098 adversis
1345 3034 1441 3097 dis
1489 3033 1786 3116 obiciant,
1830 3034 2007 3098 nulla
2034 3034 2191 3098 boni

362 3162 498 3225 spe.
565 3139 832 3203 classem
876 3138 1112 3223 quippe
1136 3126 1228 3202 'et
1272 3138 1416 3202 avia
1447 3136 1690 3202 Oceani
1721 3138 2027 3222 quaesita,
2071 3160 2188 3203 ne-

293 3283 344 3323 10
363 3244 503 3329 quis
548 3242 952 3307 venientibus
1003 3248 1389 3324 occurreret,
1436 3263 1521 3306 ne
1558 3244 1787 3327 -pulsos
1829 3249 2187 3327 premeret:

365 3345 481 3410 sed
525 3345 633 3409 ubi
676 3343 1047 3409 miscuerint
1089 3365 1334 3428 manus,
1385 3346 1575 3411 inane
1622 3346 1805 3411 victis
1850 3353 2189 3413 ventorum
