2467 3900
376 202 405 258 1
416 202 490 260 7¹0
1031 205 1311 246 com-mnu
1335 205 1532 246 mom

376 368 489 450 rit,
553 387 789 451 magna
848 389 993 432 cum
1050 367 1544 434 adseveratione
1602 368 1912 454 principis
1956 390 2085 433 non
2132 391 2204 433 se

377 473 476 536 ius
520 473 643 536 nisi
687 473 755 536 in
794 471 1055 536 servitia
1100 476 1165 536 et
1194 472 1502 556 pecunias
1527 473 1877 538 familiares
1909 472 2205 538 dedisse:

380 577 554 662 quod
600 577 652 640 si
684 576 815 640 vim
860 576 1173 660 praetoris
1218 583 1592 661 usurpasset
1625 576 2051 661 manibusque
2084 576 2204 640 mi-

381 683 569 746 litum
611 701 765 744 usus
809 679 998 760 foret,
1046 685 1264 764 spreta
1308 679 1374 743 in
1421 699 1500 742 eo
1547 678 1850 746 mandata
1897 701 2044 744 sua:
2091 701 2207 746 au-

315 804 365 844 16
384 785 598 848 dirent
640 783 872 848 socios.
939 784 1031 847 ita
1061 803 1211 848 reus
1249 783 1514 866 ‘cognito
1545 782 1814 866 negotio
1846 783 2208 848 damnatur.

386 888 468 951 ob
515 908 707 970 quam
750 886 1065 952 ultionem
1112 893 1181 951 et
1226 885 1377 969 quia
1419 887 1636 971 priore
1682 907 1851 952 auno
1899 887 1965 951 in
2001 887 2073 952 O.
2107 887 2210 954 Si-

383 991 603 1055 lanum
663 989 1058 1056 vindicatum
1132 996 1273 1054 erat
1339 990 1686 1062 decrevere
1750 991 1950 1056 Asiae
2017 993 2212 1057 urbes

385 1095 699 1179 templum
755 1094 1018 1160 Tiberio
1075 1095 1394 1180 matrique
1453 1097 1591 1160 eius
1649 1116 1725 1161 ac
1783 1097 2052 1162 senatui.
2143 1105 2215 1162 et

384 1199 768 1284 permissum
797 1203 1113 1280 statuere3
1161 1199 1422 1284 egitque
1452 1199 1630 1264 Nero
1662 1206 1879 1284 grates
1913 1221 1992 1265 ea
2022 1221 2216 1266 causa

316 1327 368 1368 20
385 1304 673 1388 patribus
718 1308 909 1387 atque
956 1325 1077 1368 avo
1096 1353 1112 1386 ,
1170 1303 1376 1368 laetas
1430 1303 1599 1368 inter
1658 1303 2056 1369 audientium
2101 1303 2215 1368 ad-

386 1409 732 1489 fectiones,
797 1410 909 1492 qui
964 1407 1211 1472 recenti
1257 1407 1571 1472 memoria
1617 1409 1988 1474 Germanici
2033 1409 2216 1472 illum

388 1512 618 1598 aspici,
661 1512 843 1576 illum
890 1511 1099 1576 audiri
1142 1513 1468 1576 rebantur.
1557 1513 1953 1596 aderantque
1999 1512 2219 1577 iuveni

389 1615 708 1682 modestia
752 1636 825 1681 ac
870 1614 1076 1680 forma
1118 1615 1410 1701 principe
1454 1615 1592 1680 viro
1643 1615 1871 1700 digna,
1925 1604 2102 1680 'notis
2147 1617 2218 1681 in

393 1741 543 1786 eum
586 1718 803 1784 Seiani
848 1719 1013 1784 odiis
1059 1719 1141 1784 ob
1186 1721 1546 1805 periculum
1589 1722 1892 1804 gratiora.

528 1825 628 1888 16.
695 1823 827 1888 Sub
890 1824 1067 1908 idem
1127 1831 1385 1910 tempus
1450 1827 1532 1892 de
1597 1826 1854 1892 flamine
1915 1826 2088 1891 Diali
2150 1828 2218 1890 in

393 1928 608 1994 locum
638 1927 823 1993 Servi
852 1927 1317 2012 Maluginensis
1365 1927 1647 1994 defuncti
1679 1928 1981 2014 legende,
2028 1930 2222 1995 simul

395 2038 687 2124 roganda
748 2056 917 2100 nova
972 2036 1121 2118 lege
1186 2033 1486 2100 disseruit
1547 2034 1804 2099 Caesar.
1892 2056 2043 2100 nam
2103 2056 2221 2120 pa-

396 2141 615 2205 tricios
662 2138 1079 2204 confarreatis
1123 2138 1499 2221 parentibus
1543 2138 1802 2222 genitos
1851 2143 1985 2203 tres
2030 2140 2226 2203 simul

354 2244 731 2322 nominari,
781 2263 865 2306 ex
910 2241 1052 2325 quis
1097 2262 1263 2305 unus
1307 2243 1655 2326 legeretur,
1701 2247 1957 2309 vetusto
2003 2264 2223 2326 more3

398 2370 606 2434 neque
654 2348 907 2427 adesse,
954 2352 1025 2410 ut
1057 2346 1231 2429 olim,
1278 2366 1421 2410 eam
1471 2346 1742 2429 copiam,
1791 2348 2026 2411 omissa
2067 2368 2225 2412 con-

396 2451 718 2517 farreandi
762 2450 1190 2516 adsuetudine
1251 2455 1362 2513 aut
1418 2449 1588 2515 inter
1646 2470 1887 2533 paucos
1931 2456 2224 2516 retenta:

400 2555 773 2641 (pluresque
824 2556 961 2619 eius
1005 2554 1099 2619 rei
1148 2574 1373 2619 causas
1418 2552 1770 2637 adferebat,
1823 2554 2231 2638 potissimam

398 2681 597 2745 penes
642 2659 952 2724 incuriam
996 2661 1282 2723 virorum
1319 2656 1862 2743 feminarumque:
1911 2658 2230 2724 accedere

329 2788 381 2829 ιο
396 2764 596 2851 ipsius
629 2765 1055 2830 caerimoniae
1088 2763 1517 2845 difficultates,
1550 2782 1714 2845 quae
1733 2763 2039 2839 ‚con'sulto
2066 2765 2233 2828 vita-

396 2868 645 2951 rentur)
693 2875 760 2934 et
796 2868 973 2953 quod
1009 2868 1224 2933 exiret
1257 2886 1294 2930 e
1323 2866 1463 2931 iure
1496 2865 1707 2951 patrio
1741 2866 1896 2951 quid
1926 2866 1994 2932 id
2023 2868 2231 2931 flami-

396 2974 575 3039 nium
605 2973 1000 3059 apisceretur
1041 2989 1336 3056 quaeque
1373 2969 1440 3034 in
1476 2990 1737 3034 manum
1765 2971 2039 3036 flaminis
2071 2992 2233 3038 con-

397 3076 667 3143 veniret.
742 3076 833 3140 ita
876 3073 1271 3139 medendum
1317 3078 1578 3139 senatus
1621 3073 1882 3139 decreto
1915 3081 2028 3141 aut
2054 3077 2234 3160 lege,

398 3181 562 3246 sicut
606 3178 943 3264 Augustus
985 3176 1309 3262 quaedam
1360 3197 1444 3241 ex
1488 3176 1753 3242 horrida
1795 3177 1906 3242 illa
1950 3179 2234 3265 antiqui-

330 3307 381 3346 15
398 3290 531 3349 tate
588 3282 671 3348 ad
728 3287 1139 3366 praesentem
1187 3302 1377 3346 usum
1419 3282 1730 3347 flexisset.
1818 3284 2016 3368 igitur
2058 3290 2236 3349 trac-

400 3388 553 3451 tatis
583 3385 1007 3471 religionibus
1038 3385 1346 3470 placitum
1377 3385 1670 3451 instituto
1704 3386 2034 3453 flaminum
2066 3388 2236 3453 nihil
