2467 3900
328 157 439 216 178
988 163 1268 204 com-mnu
1293 163 1490 204 'rAcrm

325 322 606 387 maxime
648 321 1157 388 coniurationem
1194 321 1462 387 disiecit.
1521 321 1880 406 missusque
1911 343 1950 385 a
1981 319 2147 385 Cae-

325 447 469 492 sare
526 446 805 512 propere
850 427 1061 492 Staius
1125 425 1416 490 tribunus
1475 447 1622 492 cum
1678 424 1892 490 valida
1950 436 2148 490 manu

327 530 558 596 ducem
586 531 797 614 ipsum
828 536 895 595 et
923 531 1256 615 proximos
1279 531 1548 596 audacia
1577 531 1645 595 in
1667 530 1896 594 urbem
1925 529 2145 611 traxit,

256 637 452 700 usiam
495 634 817 720 trepidam
866 635 948 699 ob
992 635 1474 701 multitudinem
1518 634 1927 716 familiarum,
1977 654 2142 719 quae

320 738 635 824 gliscebat
664 740 1043 820 inmensum,
1076 739 1324 805 minore
1355 740 1419 804 in
1449 738 1588 802 dies
1620 738 1811 824 plebe
1843 737 2144 822 ingenua.

449 844 555 909 28.
617 843 839 908 Isdem
884 843 1253 908 consulibus
1291 843 1695 909 miseriarum
1725 863 1802 906 ac
1833 841 2142 906 saevitiae

321 947 694 1032 exemplum
760 953 951 1011 atrox
970 994 986 1026 ,
1054 969 1203 1012 reus
1274 952 1493 1032 pater,
1569 951 1907 1010 accusator
1972 945 2141 1010 filius

320 1047 588 1131 (nomen
630 1051 885 1136 utrique
930 1050 1164 1116 Vibius
1206 1048 1519 1131 Serenus)
1583 1051 1651 1114 in
1703 1055 1995 1115 senatum
2040 1053 2138 1114 in-

317 1153 527 1219 ducti:
574 1154 655 1218 ab
700 1155 899 1219 exilio
945 1151 1260 1220 retractus
1305 1155 1675 1240 inluvieque
1721 1176 1796 1218 ac
1841 1155 2137 1240 squalore

276 1285 302 1322 ες
321 1258 565 1342 obsitus
611 1265 677 1323 et
723 1266 951 1324 catena
979 1259 1231 1324 vinctus
1262 1279 1516 1344 parens,
1561 1258 1943 1324 adulescens
1972 1257 2137 1322 mul-

315 1365 397 1429 tis
442 1363 806 1444 munditiis,
864 1365 1060 1428 alacri
1104 1362 1318 1446 vultu,
1375 1368 1672 1441 ‚structas
1722 1363 1998 1447 principi
2040 1362 2136 1426 in-

317 1468 544 1548 sidiaS,
592 1467 822 1532 missos
868 1467 933 1531 in
980 1467 1260 1533 Galliam
1308 1468 1670 1532 concitores
1714 1463 1892 1531 belli‘
1935 1464 2133 1530 index

315 1573 491 1638 idem
556 1580 620 1638 et
682 1571 899 1653 testis3
980 1570 1494 1656 adnectebatque
1561 1571 1912 1636 Caecilium
1978 1570 2136 1635 001·-

313 1684 541 1742 nutum
602 1675 999 1760 praetorium
1060 1675 1518 1740 ministravisse
1580 1675 1954 1761 pecuniam3
2028 1675 2136 1759 qui

244 1798 297 1839 10
313 1780 531 1845 taedio
595 1801 887 1847 curarum
945 1787 1041 1863 et,
1116 1781 1269 1863 quia
1330 1779 1689 1864 periculum
1746 1800 1864 1864 pro
1931 1779 2132 1844 exitio

311 1884 670 1951 habebatur
690 1934 707 1968 ,
764 1890 1041 1950 mortem
1098 1885 1168 1948 in
1222 1905 1294 1948 se
1349 1882 1698 1951 festinavit.
1787 1890 1852 1948 at
1909 1890 2136 1948 contra

309 2011 460 2055 reus
490 1990 651 2056 nihil
690 1989 960 2055 infracto
994 1990 1208 2053 animo
1247 1989 1558 2055 obversus
1590 1996 1858 2075 quatere
1903 1989 2134 2073 vincla,

309 2116 543 2160 vocare
603 2095 849 2158 ultores
904 2092 1091 2175 deos,
1150 2098 1222 2157 ut
1282 2094 1404 2159 sibi
1464 2093 1728 2178 quidem
1781 2092 2134 2158 redderent

311 2199 596 2281 exilium,
638 2197 752 2263 ubi
781 2198 1007 2282 procul
1036 2198 1149 2262 tali
1179 2219 1364 2263 more
1393 2206 1640 2284 ageret,
1677 2198 1882 2264 filium
1911 2204 2130 2264 autem

241 2327 295 2368 ιε
310 2302 696 2387 quandoque
760 2301 1074 2386 supplicia
1134 2309 1582 2387 sequerentur.
1672 2302 2130 2369 adseverabat-

308 2428 433 2491 que
479 2406 892 2471 innocentem
925 2404 1285 2471 Cornutum
1329 2413 1396 2471 et
1423 2407 1706 2491 paralysi
1737 2406 2128 2487 extinctum3

307 2511 501 2597 idque
536 2510 723 2575 facilc
752 2509 1118 2592 intellectu3
1156 2510 1589 2595 proderentur
1617 2510 1756 2575 alii:
1794 2531 1926 2576 non
1956 2509 2128 2575 enim

306 2635 377 2680 se
445 2614 713 2680 caedem
782 2616 1088 2700 principis
1159 2622 1226 2679 et
1293 2637 1396 2682 res
1467 2636 1672 2681 novas
1743 2635 1872 2679 uno
1949 2614 2125 2679 socio

307 2719 648 2801 cogitasse.

437 2824 541 2887 29.
604 2822 769 2888 Tum
824 2831 1159 2889 accusator
1218 2823 1335 2888 On.
1383 2822 1744 2888 Lentulum*
1789 2830 1856 2889 et
1907 2824 2129 2889 Seium

303 2926 716 2993 Tuberonem
746 2927 1054 3009 nominat,
1088 2948 1325 3011 magno
1358 2926 1608 3012 pudore
1636 2926 1950 3011 Caesaris,
1983 2948 2130 2993 cum

302 3031 619 3116 primores
666 3030 972 3112 civitati8‚
1031 3031 1239 3095 intimi
1284 3030 1484 3116 ipsius
1529 3031 1752 3113 amici,
1808 3031 2126 3099 Lentulus

303 3135 657 3199 senectutis
702 3140 1057 3216 extremae,
1100 3134 1360 3201 Tubero
1391 3135 1647 3201 defecto
1685 3157 1977 3222 corpore,
2022 3143 2126 3202 tu-

262 3238 543 3305 smultus
576 3237 831 3302 hostilis
867 3243 933 3301 et
969 3238 1324 3304 turbandae
1361 3240 1460 3307 rei
1496 3240 1795 3325 publicae
1833 3262 2126 3307 accerse-

304 3346 547 3407 rentur.
610 3340 729 3406 sed
762 3341 829 3407 hi
861 3341 1123 3427 quidem
1154 3344 1370 3409 statim
1405 3345 1728 3430 exempti:
1773 3345 1843 3409 in
1870 3352 2126 3429 patrem
