2467 3900
355 191 430 246 40
1015 194 1291 234 CORNELII
1319 193 1513 233 TACITI

354 353 580 435 tradit3
629 353 903 417 totidem
949 354 1273 437 legiones,
1324 353 1645 439 duplicem
1690 354 2013 419 sociorum
2060 375 2186 417 nu-

315 479 605 523 5merum
635 458 771 542 ipse
795 457 990 539 ducit,
1020 459 1363 543 positoque
1398 460 1661 522 castello
1692 480 1885 544 super
1905 459 2191 542 vestigia

357 563 608 649 paterni
637 562 943 647 praesidii
973 562 1040 625 in
1070 568 1290 626 monte
1320 562 1544 626 Tauno
1580 562 1957 646 expeditum
1990 583 2187 628 exer-

360 668 553 732 citum
600 667 665 730 in
700 666 968 730 Chattos
998 667 1184 751 rapit,
1233 667 1307 730 L.
1339 666 1634 751 Apronio
1669 667 1752 730 ad
1788 668 2187 731 munitiones

358 772 604 836 viarum
669 777 734 834 et
806 771 1138 834 fluminum
1213 772 1461 836 relictO.
1550 794 1700 837 nam
1767 771 2008 852 (rarum
2087 772 2188 835 illi

362 873 575 958 caelo)
637 875 920 939 siccitate
979 882 1044 940 et
1107 876 1395 940 amnibus
1459 877 1730 941 modicis
1792 870 2187 940 inoffensum

293 1005 342 1044 10
360 983 483 1046 iter
539 986 998 1066 properaverat
1045 981 1409 1065 imbresque
1456 987 1524 1046 et
1574 981 1907 1045 fluminum
1956 986 2189 1044 auctus

359 1084 755 1169 regredienti
813 1085 1284 1149 metuebantur.
1375 1081 1491 1150 se‘d
1554 1086 1803 1151 Chattis
1863 1085 2027 1150 adeo
2081 1085 2185 1149 in-

361 1192 655 1277 provisus
700 1188 990 1271 advenit,
1051 1195 1121 1253 ut
1166 1190 1341 1274 quod
1396 1190 1793 1255 imbecillum
1846 1196 2059 1254 aetate
2107 1210 2193 1254 ac

363 1317 524 1360 sexu
570 1294 783 1358 statim
829 1299 1086 1378 captum
1118 1297 1228 1356 aut
1273 1294 1660 1357 trucidatum
1706 1295 1807 1356 sit.
1881 1294 2189 1357 iuventus

362 1399 693 1465 Adranam
765 1395 980 1460 nando
1056 1397 1417 1462 tramiserat
1482 1396 1940 1482 Romanosque
2019 1419 2187 1484 pon-

298 1530 349 1569 15
365 1511 497 1569 tem
557 1501 914 1586 coeptantis
973 1500 1297 1565 arcebant.
1390 1500 1541 1564 dein
1603 1502 1939 1566 tormentis
1986 1504 2189 1586 sagit-

366 1608 572 1691 tisque
603 1605 791 1689 pulsi,
835 1603 1165 1686 temptatis
1195 1604 1431 1667 frustra
1462 1595 1945 1688 condicionibus
1990 1606 2189 1691 paciS,

369 1732 510 1775 cum
557 1708 816 1795 quidam
853 1708 935 1772 ad
969 1708 1424 1773 Germanicum
1460 1708 1912 1792 perfugissent,
1956 1709 2191 1792 reliqui

370 1815 620 1879 omissis
698 1813 881 1898 pagis
943 1813 1227 1897 vicisque
1308 1814 1373 1876 in
1438 1813 1629 1877 silvas
1714 1812 2185 1896 disperguntur.

369 1920 608 1987 Caesar
663 1919 926 1984 incenso
986 1918 1213 1983 Mattio
1280 1916 1372 1998 (id
1437 1918 1615 2001 genti
1683 1916 1897 2001 caput)
1964 1922 2191 2001 aperta

297 2028 712 2111 zopopulatus
773 2023 967 2088 vertit
1030 2023 1111 2086 ad
1175 2022 1515 2105 Rhenum,
1583 2044 1714 2087 non
1778 2044 1933 2087 auso
2000 2024 2187 2087 hoste

365 2137 550 2212 terga
596 2128 966 2192 abeuntium
1013 2126 1352 2210 lacessere,
1406 2126 1580 2211 quod
1625 2127 1719 2190 illi
1762 2127 1981 2209 moriS,
2027 2147 2187 2211 quo-

367 2235 532 2298 tiens
595 2238 739 2296 astu
799 2229 1006 2312 magis
1065 2251 1253 2313 quam
1323 2251 1441 2313 per
1500 2228 1913 2293 formidinem
1978 2228 2186 2295 cessit.

367 2338 576 2401 fuerat
623 2335 871 2398 animus
921 2332 1264 2397 Cheruscis
1310 2334 1529 2397 iuvare
1579 2332 1867 2413 Chattos,
1915 2332 2031 2397 sed
2078 2323 2190 2423 ex-

369 2442 596 2505 terruit
643 2439 920 2504 Caecina
966 2438 1089 2502 huc
1133 2439 1285 2502 illuc
1327 2438 1541 2503 ferens
1572 2460 1780 2520 arma,
1828 2444 1895 2502 et
1939 2439 2193 2504 Marsos

301 2568 352 2607 25
373 2544 680 2628 congredi
726 2564 916 2606 ausos
959 2562 1273 2627 prospero
1321 2543 1570 2627 proelio
1619 2543 1921 2607 cohibuit.

501 2648 605 2710 57.
668 2645 898 2729 Neque
931 2645 1132 2709 multo
1180 2651 1331 2731 post
1372 2636 1573 2732 legati
1619 2669 1656 2711 a
1692 2648 1962 2732 Segeste
1992 2667 2193 2711 vene·
2224 2609 2226 2611 -
2265 2649 2296 2667 ““

371 2759 520 2816 runt
563 2749 873 2814 auxilium
919 2755 1176 2813 orantes
1235 2748 1543 2814 adversus
1588 2750 1718 2814 vim
1762 2750 2191 2834 popularium,

375 2878 412 2919 a
457 2855 596 2938 quis
643 2852 1263 2935 circumsedebatur,
1309 2854 1622 2919 validiore
1668 2855 1839 2940 apud
1906 2875 2017 2918 eos
2064 2853 2192 2918 Ar-

374 2958 592 3039 minio,
651 2956 952 3039 quoniam
998 2955 1243 3021 bellum
1291 2957 1634 3023 suadebat:
1695 2980 1839 3022 nam
1887 2958 2193 3040 barbariS,

333 3068 613 3149 aquanto
653 3059 794 3144 quis
839 3060 1110 3125 audacia
1152 3067 1507 3145 promptuS,
1554 3069 1731 3128 tanto
1780 3064 1985 3148 magis
2028 3063 2192 3126 fidus

376 3169 696 3252 rebusque
715 3165 903 3228 motis
934 3166 1149 3249 potior
1173 3167 1468 3231 habetur.
1532 3166 1871 3232 addiderat
1890 3168 2194 3251 Segestes

375 3273 607 3358 legatis
651 3270 874 3352 filium,
922 3270 1179 3334 nomine
1228 3269 1723 3354 Segimundum:
1784 3270 1898 3334 sed
1944 3271 2195 3335 iuvenis

380 3375 769 3441 conscientia
815 3374 1250 3438 cunctabatur.
1344 3375 1579 3459 quippe
1636 3395 1803 3437 anno
1854 3395 1979 3458 quo
2031 3374 2192 3439 Ger-
