2467 3900
695 263 771 301 AB
800 261 1051 302 EXCESSU
1079 263 1207 301 DIVI
1237 263 1490 302 AUGUSTI
1519 263 1587 302 ΙΙΙ
1615 263 1784 302 11—13.
2036 258 2146 313 119

321 421 513 483 tinuit
543 421 785 486 nudare
821 442 1051 506 corpus
1086 427 1150 484 et
1182 421 1709 486 contrectandum
1739 421 1917 504 vulgi
1947 420 2148 484 oculis
2169 443 2221 480 20

323 526 699 608 permittere
733 525 1101 610 differrique
1134 526 1329 589 etiam
1353 546 1470 610 per
1494 533 1799 589 externos
1821 533 2149 609 tamquam

324 647 574 692 veneno
622 630 1013 710 interceptus
1061 635 1250 711 esset,
1297 629 1351 692 si
1394 629 1640 694 incerta
1686 630 1896 694 adhuc
1931 631 2053 692 ista
2086 634 2151 692 et

324 732 663 796 scrutanda
696 733 885 796 sunt?
927 731 1131 795 defleo
1168 731 1469 816 equidem
1499 733 1700 796 filium
1733 738 1951 796 meum
1982 753 2149 796 sem-

324 856 566 920 perque
627 836 913 900 deflebo:
978 836 1097 900 sed
1153 859 1363 921 neque
1423 859 1605 902 reum
1658 836 1972 921 prohibeo
2021 858 2147 922 quo

325 941 533 1004 minus
595 949 820 1005 cuncta
880 943 1195 1026 proferat,
1256 942 1482 1026 quibus
1528 943 1896 1006 innocentia
1941 942 2150 1005 suble·
2171 969 2221 1006 25

326 1042 462 1106 vari
505 1049 645 1126 aut,
704 1045 887 1128 siqua
930 1045 1050 1109 fuit
1094 1045 1396 1128 iniquitas
1446 1047 1844 1129 Germanici,
1892 1045 2153 1129 coargui

325 1147 550 1231 possit,
594 1168 839 1232 vosque
884 1169 996 1213 oro
1029 1169 1134 1230 ne,
1182 1149 1332 1233 quia
1378 1149 1584 1212 dolori
1629 1159 1775 1215 me’o
1821 1171 2012 1214 causa
2045 1171 2151 1213 co-

326 1272 496 1315 nexa
530 1257 645 1333 est,
682 1252 935 1340 obiecta
965 1252 1235 1316 crimina
1262 1274 1379 1338 pro
1410 1253 1782 1338 adprobatis
1808 1253 2152 1337 accipiatis.

326 1357 544 1439 siquos
588 1357 986 1440 propinquus
1034 1357 1295 1440 sanguis
1345 1362 1453 1420 aut
1495 1356 1656 1420 fides
1703 1377 1816 1420 sua
1845 1362 2154 1440 patronos

332 1463 531 1544 dedit,
580 1468 885 1546 quantum
934 1462 1201 1547 quisque
1252 1462 1622 1544 eloquentia
1667 1471 1733 1526 et
1779 1483 1928 1526 cura
1959 1463 2222 1544 valet,30

328 1569 543 1632 iuvate
596 1568 1104 1654 periclitantem:
1164 1567 1248 1630 ad
1293 1566 1573 1631 eundem
1618 1568 1942 1650 laborem,
2004 1587 2153 1631 ean-

334 1672 480 1737 dem
540 1673 965 1737 constantiam
1024 1679 1428 1738 accusatores
1487 1672 1730 1738 hortor.
1820 1672 1888 1738 id
1945 1673 2154 1735 solum

335 1778 716 1843 Grermanico
778 1796 970 1859 super
1029 1777 1209 1858 leges
1263 1776 1808 1858 praestiterimus,
1869 1775 2044 1859 quod
2089 1775 2156 1838 in

333 1881 507 1946 curia
558 1881 776 1966 potius
823 1901 1015 1965 quam
1058 1880 1126 1943 in
1170 1880 1345 1961 for0,
1406 1880 1578 1966 apud
1624 1885 1920 1944 senatum
1965 1901 2156 1965 quam

331 1987 503 2072 apud
566 1986 811 2050 iudices
878 1985 959 2049 de
1022 1991 1230 2050 morte
1292 1986 1676 2070 anquiritur:
1745 1990 1959 2049 cetera
2018 1986 2223 2069 parias

332 2091 650 2155 modestia
695 2095 1065 2154 tractentur.
1142 2098 1334 2153 ne'mo
1364 2090 1562 2154 Drusi
1602 2090 1917 2171 lacrimaS,
1963 2111 2152 2153 nemo

331 2196 718 2260 maestitiam
763 2216 972 2257 meam
1019 2200 1301 2280 spectet,
1360 2216 1482 2259 nec
1527 2196 1710 2279 siqua
1767 2196 1828 2258 in
1877 2214 1997 2259 nos
2043 2195 2154 2258 ad-

333 2322 522 2365 versa
566 2294 929 2383 finguntur.‘

468 2403 567 2465 13.
636 2401 828 2465 Exim
884 2399 1150 2464 biduum
1212 2400 1580 2465 criminibus
1633 2401 1983 2467 obiciendis
2030 2406 2156 2465 sta·
2196 2409 2200 2415 ’

333 2505 534 2567 tuitur
578 2511 775 2588 utque
822 2524 937 2567 sex
976 2502 1223 2566 dierum
1255 2506 1462 2587 spatio
1495 2494 1832 2569 interiecto
1865 2526 2012 2569 reus
2044 2527 2159 2589 per

332 2608 616 2673 triduum
676 2606 1149 2671 defenderetur.
1240 2614 1374 2671 tum
1425 2608 1753 2673 Fulcinius
1813 2615 2036 2674 vetera
2096 2616 2160 2673 et

332 2714 545 2777 inania
594 2712 873 2794 orditur,
923 2710 1261 2774 ambitiose
1307 2732 1628 2796 avareque
1675 2713 1958 2777 habitam
2001 2713 2155 2777 His-

335 2816 619 2901 paniam,
668 2814 843 2901 quod
873 2835 1083 2899 neque
1119 2815 1481 2879 convictum
1511 2836 1744 2899 noxae,
1793 2816 1846 2879 si
1876 2817 2200 2881 recentia5

335 2926 658 3006 purgaret,
689 2940 900 3004 neque
935 2918 1269 2982 defensum
1297 2919 1685 2983 absolutioni
1709 2925 1866 3002 erat,
1901 2921 1954 2983 si
1975 2926 2157 2984 tene-

333 3030 510 3088 retur
556 3025 921 3089 maioribus.
997 3028 1145 3108 post
1177 3044 1370 3107 quem
1400 3023 1716 3087 Servaeus
1749 3029 1814 3087 et
1842 3024 2162 3105 Veranius

337 3138 401 3193 et
439 3130 745 3195 Vitellius
791 3128 1107 3191 consimili
1153 3127 1391 3210 studiO,
1439 3133 1506 3191 et
1549 3129 1750 3191 multa
1796 3126 2161 3211 eloquentia

334 3234 664 3315 Vitellius,
714 3232 1009 3297 obiecere
1059 3230 1208 3293 odio
1262 3232 1629 3296 Gtermanici
1675 3236 1741 3295 et
1783 3251 1999 3294 rerum
2041 3252 2158 3294 no-

336 3358 560 3401 varum
606 3335 817 3400 studio
851 3334 1432 3417 Pisonem-vulgus
1479 3336 1754 3399 militum
1798 3354 1916 3419 per
1961 3334 2228 3398 licen-1·›

336 3442 493 3504 tiam
538 3450 603 3505 et
650 3442 971 3504 sociorum
1012 3440 1276 3503 iniurias
1309 3461 1386 3503 eo
1420 3460 1619 3523 usque
1653 3439 2046 3522 conrupisse,
2091 3448 2162 3503 ut
