2467 3900
343 255 456 311 222
1003 260 1279 302 CORNELII
1305 262 1501 302 'mom

345 419 746 484 discerneres
774 418 1018 483 alienos
1051 441 1090 482 a
1117 418 1494 500 coniunctis,
1528 400 1767 483 amicos
1793 418 1873 482 ab
1902 419 2171 501 ignotiS,

343 523 496 608 quid
540 544 774 608 repens
824 531 934 587 aut
977 527 1299 587 vetustate
1349 523 1721 586 obscurum:
1783 521 2053 607 perinde
2098 524 2175 588 in

341 625 505 707 for0,
533 626 601 690 in
633 625 954 708 convivio,
985 647 1242 710 quaqua
1272 625 1353 690 de
1378 647 1447 690 re
1470 625 1671 690 locuti
1697 626 2171 710 incusabantur,

342 733 415 793 ut
460 730 602 813 quis
659 729 1038 814 praevenire
1099 734 1165 793 et
1221 750 1407 794 reum
1468 729 1787 796 destinare
1842 737 2172 815 properat,

277 855 326 894 16
342 855 490 918 pars
535 833 621 898 ad
665 833 1019 898 subsidium
1063 834 1196 917 sui,
1241 834 1460 919 plures
1504 834 1725 899 infecti
1768 834 1948 918 quasi
1993 834 2175 900 vale-

343 939 568 1004 tudine
623 945 690 1002 et
749 944 1066 1004 contactu.
1172 939 1288 1004 sed
1346 939 1667 1004 Minucius
1728 943 1793 1003 et
1849 938 2174 1004 Servaeus

347 1038 629 1108 damnati
683 1043 1001 1108 indicibus
1060 1063 1415 1108 accessere.
1516 1043 1831 1128 tractique
1894 1049 2041 1107 sunt
2101 1043 2173 1108 in

345 1167 564 1211 casum
609 1147 890 1214 eundern
917 1147 1124 1212 Iulius
1154 1147 1496 1212 Africanus
1542 1169 1579 1212 e
1613 1147 1935 1230 Santonis,
1982 1147 2175 1212 Seius

346 1249 745 1324 Quadratus:
812 1252 1128 1336 originem
1186 1271 1320 1315 non
1380 1251 1659 1337 repperi.
1750 1271 1963 1335 neque
2024 1273 2175 1316 sum

276 1375 326 1414 20
345 1356 605 1440 ignarus
649 1377 689 1419 a
733 1356 1060 1441 plerisque
1092 1355 1513 1441 scriptoribus
1544 1356 1781 1420 omissa
1820 1354 2175 1418 multorum

345 1460 631 1542 pericula
678 1466 742 1525 et
786 1481 1050 1545 poenas,
1099 1460 1253 1523 dum
1298 1460 1487 1544 copia
1516 1459 1819 1524 fatiscunt
1849 1465 1959 1522 aut
2002 1478 2171 1543 quae

345 1563 500 1648 ipsis
556 1564 752 1628 nimia
814 1570 880 1628 et
938 1572 1184 1630 maesta
1250 1585 1331 1628 ne
1395 1564 1535 1649 pari
1598 1563 1816 1628 taedio
1887 1565 2171 1628 lecturos

345 1665 695 1730 adficerent
735 1675 1076 1733 verentur:
1122 1668 1309 1732 nobis
1339 1668 1646 1752 pleraque
1680 1666 1877 1752 digna
1906 1668 2175 1751 cognitu

348 1770 688 1853 obvenere,
734 1791 1118 1856 quamquam
1163 1773 1245 1836 ab
1292 1772 1433 1836 aliis
1476 1771 1889 1835 incelebrata.

477 1877 537 1939 8.
598 1874 765 1940 Nam
813 1897 891 1940 ea
933 1882 1341 1961 tempestate,
1390 1895 1513 1961 qua
1558 1874 1775 1940 Seiani
1819 1874 2169 1938 amicitiam

347 1980 546 2043 ceteri
590 1980 749 2044 falso
799 1988 1145 2062 exuerant,
1201 2001 1395 2046 ausus
1448 1984 1548 2044 est
1593 2000 1791 2063 eques
1834 1978 2169 2044 Romanus

346 2082 434 2146 M.
458 2082 814 2166 Terentius,
849 2083 930 2147 ob
953 2083 1023 2146 id
1043 2104 1213 2162 reus,
1252 2084 1572 2167 amplecti,
1605 2082 1687 2146 ad
1710 2082 1882 2147 hunc
1903 2083 2172 2147 modum

348 2185 522 2271 apud
566 2193 858 2251 senatum
904 2185 1251 2261 ordiendo:
1312 2186 1629 2269 ,fortunae
1676 2185 1938 2271 quidem
1983 2206 2173 2250 meae

303 2316 326 2353 ⁵
346 2292 618 2355 fortasse
663 2290 875 2353 minus
907 2288 1214 2374 expediat
1246 2289 1645 2374 adgnoscere
1692 2289 1935 2354 crimen
1978 2310 2173 2373 quam

345 2395 662 2458 abnuere:
727 2393 844 2457 sed
900 2398 1249 2478 utcumque
1309 2415 1535 2458 casura
1591 2414 1730 2476 ree,
1794 2393 2045 2458 fatebor
2102 2399 2175 2456 et

344 2497 542 2561 fuisse
588 2517 692 2561 me
739 2496 973 2563 Seiano
1031 2498 1310 2563 amicum
1362 2504 1428 2562 et
1470 2506 1543 2562 ut
1589 2520 1797 2563 essem
1841 2499 2171 2583 expetisse

243 2660 247 2667 .
347 2607 414 2665 et
473 2606 816 2684 postquam
879 2602 1154 2685 adeptus
1213 2624 1389 2667 eram
1453 2603 1777 2667 laetatum.
1879 2603 2177 2667 videram

348 2704 666 2787 collegam
731 2706 933 2789 patris
995 2704 1299 2791 regendis
1363 2705 1703 2789 praetoriis
1773 2706 2172 2789 cohortibus,

279 2832 328 2870 10
346 2831 503 2874 mox
565 2808 738 2873 urbis
801 2816 867 2875 et
927 2809 1191 2874 militiae
1258 2808 1476 2872 munia
1542 2809 1731 2872 simul
1800 2809 2171 2874 obeuntem.

346 2913 516 2977 illius
561 2914 906 2999 propinqui
951 2918 1018 2979 et
1061 2911 1308 2977 adfines
1352 2913 1708 2978 honoribus
1736 2915 2173 2999 augebantur3

347 3026 419 3083 ut
463 3018 730 3103 quisque
776 3017 1010 3082 Seiano
1057 3017 1357 3099 intimus,
1409 3016 1501 3080 ita
1542 3014 1625 3080 ad
1674 3016 1969 3082 Caesaris
2014 3018 2177 3081 ami-

349 3122 563 3187 citiam
608 3120 892 3188 validus:
953 3128 1174 3186 contra
1219 3121 1450 3204 quibus
1493 3120 1813 3205 infensus,
1869 3127 2049 3186 metu
2094 3143 2175 3186 ac

347 3226 641 3291 sordibus
689 3224 1233 3290 conflictabantur.
1294 3245 1415 3289 nec
1446 3246 1833 3310 quemquam
1866 3228 2172 3312 exemplo

281 3360 330 3397 15
347 3330 644 3395 adsumo:
692 3336 978 3412 cunctos,
1025 3331 1136 3414 qui
1179 3329 1511 3394 novissimi
1548 3330 1796 3395 consilii
1844 3337 2175 3414 expertes,

347 3455 495 3497 meo
543 3433 730 3497 unius
778 3433 1143 3499 discrimine
1177 3432 1541 3498 defendam.
1623 3455 1753 3497 non
1786 3435 2173 3499 enim-Seia-
