2467 3900
394 248 505 302 164
1052 250 1330 290 oommnn
1355 228 1552 290 ‘raom

388 418 612 475 vetera
658 411 815 474 sine¹
844 409 1115 477 avaritia
1160 415 1272 473 aut
1317 409 1696 474 crudelitate
1725 409 2218 492 magistratuum

320 534 370 572 25
388 518 762 597 tolerarent,
792 514 1211 600 providebat:
1258 535 1602 599 corporum
1630 513 1920 593 verbera,
1954 512 2218 598 ademp-

388 621 599 685 tiones
656 619 975 688 bonorum
1034 619 1319 684 aberant.
1407 618 1534 682 rari
1586 638 1704 702 per
1745 617 2004 682 Italiam
2052 617 2215 682 an-

386 723 547 786 saris
592 724 750 806 agri,
798 722 1095 788 modesta
1138 723 1418 806 servitia,
1464 723 1631 787 intra
1674 728 1915 808 paucos
1950 723 2216 787 libertos

389 827 651 907 domus;
700 849 774 892 ac
821 827 1134 910 siquando
1181 847 1324 892 cum
1371 827 1633 912 privatis
1665 827 2072 912 disceptaret,
2117 826 2214 890 fo-

388 952 529 995 rum
579 937 645 994 et
688 931 808 994 iuS.

521 1036 579 1096 7.
646 1034 827 1108 Quae
893 1040 1122 1098 cuncta
1183 1056 1314 1100 non
1378 1034 1638 1120 quidem
1703 1036 1869 1108 comi
1932 1035 2037 1100 via
2097 1034 2215 1099 sed

387 1138 687 1203 horridus
734 1161 809 1203 ac
854 1139 1238 1222 plerumque
1281 1138 1695 1221 formidatus,
1752 1138 2072 1202 retinebat
2115 1143 2210 1201 ta-

388 1264 565 1324 men,
612 1243 821 1306 donec
867 1248 1073 1308 morte
1119 1242 1321 1306 Drusi
1364 1247 1804 1314 verterentur:
1863 1263 2013 1310 nam
2057 1241 2212 1318 dum

386 1347 724 1431 superfuit,
769 1366 1083 1427 mansere,
1121 1345 1274 1430 quia
1305 1345 1574 1422 Seianus
1605 1347 1953 1430 incipiente
1984 1353 2212 1430 poten-

343 1453 477 1516 5tia
519 1451 705 1522 bonis
750 1450 1031 1515 consiliis
1074 1456 1412 1515 notescere
1455 1451 1718 1515 volebat
1763 1457 1829 1514 et
1871 1451 2045 1515 ultor
2075 1471 2210 1516 me-

387 1556 718 1638 tuebatur,
777 1577 910 1620 non
961 1555 1196 1620 occulti
1239 1557 1294 1619 is
1319 1555 1476 1620 ,odii
1521 1562 1622 1621 set
1665 1556 1887 1620 crebro
1935 1576 2212 1641 querens

387 1661 691 1723 incolumi
734 1660 865 1724 filio
912 1661 1274 1728 adiutorem
1320 1662 1573 1747 imperii
1609 1661 1805 1725 alium
1835 1662 2070 1725 vocari.
2147 1669 2212 1724 et

389 1772 697 1848 quantum
762 1786 1098 1849 superesse
1162 1773 1235 1830 ut
1297 1768 1550 1851 collega
1609 1766 1905 1834 dicatur?
1973 1766 2212 1850 primas

389 1868 760 1935 dominandi
790 1891 939 1955 spes
970 1871 1037 1934 in
1067 1870 1298 1936 arduo:
1341 1872 1453 1936 ubi
1485 1873 1572 1936 sis
1604 1873 1950 1955 ingressuS,
1980 1869 2210 1934 adesse

317 1987 367 2026 1⁰
384 1974 596 2039 studia
655 1982 721 2039 et
764 1975 1112 2041 ministros.
1204 1982 1531 2041 exstructa
1572 1975 1699 2039 iam
1747 1980 1976 2059 sponte
2022 1994 2209 2059 prae-

384 2077 536 2143 fecti
582 2085 819 2161 castra,
878 2080 1065 2144 datos
1109 2080 1177 2143 in
1219 2100 1480 2143 manum
1523 2079 1790 2160 milites:
1853 2079 2027 2143 cerni
2075 2078 2209 2142 effi-

382 2184 557 2267 giem
600 2183 669 2247 in
713 2183 1121 2247 monimentis
1170 2176 1288 2247 C‘n.
1333 2184 1635 2267 Pompei3
1695 2203 2072 2248 communes
2115 2182 2212 2246 illi

382 2308 528 2351 cum
573 2286 816 2358 familia
859 2287 1222 2354 Drusorum
1269 2288 1408 2351 fore
1454 2295 1761 2372 nepotes:
1822 2286 2209 2371 precandam

381 2395 531 2473 post
574 2390 736 2455 haec
782 2389 1185 2473 modestiam,
1228 2397 1306 2455 ut
1351 2397 1690 2457 contentus
1729 2398 1925 2459 esset..
1997 2412 2208 2475 neque

313 2514 364 2552 15
382 2515 523 2557 raro
570 2516 781 2579 neque
830 2495 1003 2579 apud
1047 2516 1290 2580 paucos
1335 2496 1492 2561 talia
1529 2496 1808 2561 iaciebat
1853 2502 1918 2559 et
1961 2501 2210 2585 secreta

380 2618 651 2683 quoque
686 2607 987 2686 corrupta
1030 2620 1238 2665 uxore
1282 2599 1746 2685 prodebantur,

510 2705 571 2767 8.
612 2703 841 2787 'Igitur
898 2704 1167 2769 Seianus
1232 2705 1684 2769 maturandum
1746 2709 1922 2767 ratus
1981 2702 2210 2789 deligit

379 2825 723 2890 venenum,
758 2829 883 2892 quo
916 2808 1223 2893 paulatim
1257 2810 1594 2894 inrepente
1621 2810 1920 2873 fortuitus
1945 2810 2207 2873 morbus

380 2910 895 2976 adsimularetur.
970 2912 1051 2976 Id
1078 2913 1294 2977 Druso
1329 2913 1550 2979 datum
1578 2934 1696 2998 per
1725 2912 2028 2997 Lygdum
2058 2934 2203 2998 spa-

382 3014 651 3098 donem,
712 3022 785 3079 ut
846 3021 991 3081 octo
1040 3023 1189 3102 post
1230 3038 1434 3083 annos
1481 3017 1827 3100 cognitum.
1918 3025 2206 3081 ceterum

306 3118 673 3199 ,sTiberius
719 3142 836 3205 per
883 3142 1104 3187 omnes
1150 3122 1538 3186 valetudinis
1585 3121 1758 3204 dies,
1802 3121 1979 3186 nullo
2027 3126 2206 3185 metu

378 3246 463 3289 an
518 3233 591 3289 ut
646 3223 1103 3289 firmitudinem
1160 3226 1357 3289 animi
1407 3231 1802 3308 ostentaret,
1851 3225 2048 3289 etiam
2092 3224 2204 3287 de·

377 3327 595 3392 functo
640 3328 919 3393 necdum
948 3329 1201 3413 sepulto
1232 3328 1476 3393 ‘curiam
1504 3330 1830 3412 ingressus
1863 3333 1979 3397 est.
2051 3348 2202 3393 con-

379 3432 676 3517 sulesque
723 3432 882 3498 sede
926 3433 1187 3517 vulgari
1221 3454 1339 3518 per
1383 3433 1666 3517 speciem
1707 3431 2068 3495 maestitiae
2100 3450 2203 3495 se·-
