2467 3900
617 219 692 257 AB
717 217 968 257 ExcEssu
995 217 1125 256 DIVI
1150 209 1407 257 Anensm
1433 216 1456 255 1
1482 217 1650 256 45—49.
1980 211 2056 266 35

235 378 289 441 si
333 378 789 461 imperatorem
819 376 1260 462 sprevissent?
1310 382 1596 442 ceterum
1625 381 1697 438 ut
1742 375 1869 439 iam
1904 376 2060 438 iam-

237 503 363 567 que
405 482 609 545 iturus
639 481 800 563 legit
830 480 1114 561 comites,
1165 479 1546 564 conquisivit
1579 478 2059 564 impedimenta,

236 575 578 650 adornavit
620 605 855 648 naves:
900 605 1056 646 mox
1099 584 1379 648 hiemem
1424 591 1534 648 aut
1576 585 1840 668 negotia
1883 584 2060 649 varie
2080 607 2134 644 15

239 694 536 752 causatus
592 688 798 772 primo
861 688 1241 771 prudenteS,
1302 688 1451 752 dein
1495 689 1789 771 vulgum,
1837 688 2059 752 diutis-

238 793 396 857 sime
443 793 806 876 provincias
851 792 1100 856 fefellit.

370 899 473 962 48.
559 895 651 961 At
729 897 1184 979 Germanicus,
1274 918 1651 983 quamquam
1732 904 2061 963 contracto

236 1003 531 1067 exercitu
578 1010 643 1067 et
684 1008 910 1086 parata
953 1003 1018 1066 in
1058 1002 1421 1068 defectores
1466 1003 1732 1086 ultione,
1780 1003 2062 1067 dandum

235 1107 449 1170 adhuc
480 1107 756 1191 spatium
799 1113 996 1189 ratuS,
1044 1107 1099 1170 si
1141 1107 1390 1171 recenti
1427 1107 1725 1191 exemplo
1774 1107 1894 1171 sibi
1939 1108 2062 1192 ipsi

236 1211 668 1291 consulerent,
698 1211 1050 1295 praemittit
1079 1211 1326 1274 litteras
1357 1212 1439 1275 ad
1458 1210 1819 1296 Caecinam,
1838 1213 2061 1277 venire

237 1336 311 1379 se
343 1313 556 1380 valida
584 1335 778 1379 manu
807 1335 901 1398 ac,
946 1315 1011 1379 ni
1050 1315 1431 1400 supplicium
1468 1317 1535 1380 in
1564 1317 1769 1380 malos
1799 1338 2060 1402 praesu·
2079 1339 2106 1375 ις

233 1426 436 1503 mant,
481 1441 747 1484 usurum
773 1420 1093 1504 promisca
1123 1421 1343 1486 caede.
1420 1442 1531 1485 eas
1558 1420 1839 1486 Caecina
1882 1423 2059 1507 aqui-

233 1524 442 1589 liferis
502 1525 948 1609 signiferisque
1012 1533 1077 1588 et
1137 1523 1311 1609 quod
1372 1525 1650 1590 maxime
1711 1531 2063 1590 castrorum

237 1630 562 1694 sincerum
620 1634 760 1694 erat
828 1628 1078 1692 occulte
1134 1629 1365 1693 recitat
1409 1636 1606 1714 utque
1657 1636 1919 1694 cunctos
1964 1631 2061 1694 in-

235 1733 502 1813 famiae,
568 1755 636 1798 se
699 1734 876 1817 ipsos
936 1734 1129 1796 morti
1186 1735 1473 1798 eximant
1531 1735 1856 1799 hortatur:
1916 1757 2065 1799 nam

236 1837 304 1900 in
365 1858 526 1922 pace
590 1859 813 1901 causas
873 1843 939 1901 et
994 1837 1230 1900 merita·
1284 1837 1615 1922 spectaris
1652 1836 1765 1900 ubi
1824 1837 2067 1902 bellum
2086 1863 2137 1901 10

236 1940 536 2025 ingruat,
583 1941 960 2006 innocentes
1007 1962 1082 2005 ac
1125 1941 1360 2005 noxios
1405 1940 1588 2004 iuxta
1632 1932 1883 2006 cadere.
1974 1941 2069 2005 illi

236 2045 568 2129 temptatis
601 2066 760 2130 quos
805 2045 1078 2109 idoneos
1123 2046 1449 2129 rebantur,
1495 2058 1837 2131 postquam
1865 2046 2064 2109 maio-

236 2170 378 2212 rem
424 2147 752 2230 legionum
810 2154 1061 2233 partem
1103 2148 1172 2211 in
1218 2149 1426 2213 officio
1474 2149 1730 2233 vident,
1792 2149 1873 2214 de
1921 2172 2065 2215 sen-

237 2252 446 2315 tentia
500 2252 701 2336 legati
747 2258 1035 2316 statuunt
1091 2257 1382 2338 tempus,
1436 2275 1563 2338 quo
1626 2253 2068 2319 foedissimum

241 2374 562 2439 quemque
624 2355 793 2419 ferro
862 2354 1187 2420 invadant.
1298 2363 1451 2421 tunc
1515 2358 1699 2442 signo
1765 2358 1933 2423 inter
1997 2380 2065 2423 se
2088 2384 2140 2421 15

242 2457 396 2521 dato
458 2458 828 2544 inrumpunt
887 2459 1307 2525 contubernia
1326 2510 1342 2541 ,
1404 2461 1724 2526 trucidant
1787 2462 2066 2546 ignaros,

237 2561 419 2626 nullo
467 2563 591 2627 nisi
635 2564 907 2627 consciis
958 2570 1267 2629 noscente
1316 2564 1488 2649 quod
1536 2564 1753 2632 caedis
1795 2566 2066 2649 initium,

240 2665 388 2749 quis
433 2665 616 2731 finis..

375 2771 481 2833 49.
544 2770 822 2835 Diversa
853 2772 1155 2855 omnium,
1201 2794 1366 2857 quae
1408 2796 1709 2859 umquam
1754 2775 2068 2859 accidere,

245 2874 528 2939 civilium
572 2896 893 2940 armorum
948 2875 1165 2942 facies,
1254 2898 1387 2942 non
1429 2878 1713 2962 proelio,
1778 2901 1906 2943 non
1954 2880 2067 2944 ad-

241 2979 449 3043 versis
482 3000 517 3043 e
550 2980 794 3063 castris,
841 2980 958 3044 sed
998 2980 1206 3044 isdem
1239 3001 1274 3044 e
1308 2981 1637 3065 cubilibus,
1685 3004 1846 3067 quos
1884 2983 2070 3046 simul

241 3084 566 3148 vescentis
600 3082 757 3166 dies,
805 3084 991 3147 simul
1023 3085 1278 3169 quietos
1308 3106 1443 3149 nox
1480 3087 1813 3169 habuerat,
1861 3087 2069 3150 disce-

247 3188 410 3252 dunt
468 3188 535 3251 in
593 3195 840 3272 parteS,
903 3189 1205 3272 ingerunt
1266 3191 1416 3253 tela.
1508 3191 1746 3254 clamor
1802 3190 2115 3254 vulneras

247 3292 510 3375 sanguis
539 3293 771 3377 palam,
821 3313 1012 3356 causa
1037 3293 1104 3357 in
1138 3293 1425 3375 occult03
1476 3299 1691 3357 cetera
1719 3293 1851 3357 fors
1880 3294 2068 3378 regit.

247 3401 315 3460 et
361 3394 618 3480 quidam
660 3397 980 3460 bonorum
1011 3397 1200 3479 caesi,
1244 3402 1584 3481 postquam
1630 3396 2071 3461 intellecto.in
