<?xml version="1.0" encoding="UTF-8"?>
<!DOCTYPE html PUBLIC "-//W3C//DTD XHTML 1.0 Transitional//EN"
    "http://www.w3.org/TR/xhtml1/DTD/xhtml1-transitional.dtd">
<html xmlns="http://www.w3.org/1999/xhtml" xml:lang="en" lang="en">
 <head>
  <title>
</title>
<meta http-equiv="Content-Type" content="text/html;charset=utf-8" />
  <meta name='ocr-system' content='tesseract 3.04.00' />
  <meta name='ocr-capabilities' content='ocr_page ocr_carea ocr_par ocr_line ocrx_word'/>
</head>
<body>
  <div class='ocr_page' id='page_1' title='image "./corneliitacitia00gitlgoog_0202.png"; bbox 0 0 2467 3900; ppageno 0'>
   <div class='ocr_carea' id='block_1_1' title="bbox 361 227 1525 284">
    <p class='ocr_par' dir='ltr' id='par_1_1' title="bbox 361 227 1525 284">
     <span class='ocr_line' id='line_1_1' title="bbox 361 227 1525 284; baseline -0.005 -6"><span class='ocrx_word' id='word_1_1' title='bbox 361 227 474 284; x_wconf 87' lang='lat'><strong>190</strong></span> <span class='ocrx_word' id='word_1_2' title='bbox 609 281 612 284; x_wconf 55' lang='grc'>,</span> <span class='ocrx_word' id='word_1_3' title='bbox 1023 233 1303 272; x_wconf 74' lang='lat' dir='ltr'><strong>commnn</strong></span> <span class='ocrx_word' id='word_1_4' title='bbox 1330 233 1525 273; x_wconf 67' lang='lat' dir='ltr'><strong>mom</strong></span> 
     </span>
    </p>
   </div>
   <div class='ocr_carea' id='block_1_2' title="bbox 279 389 2181 3497">
    <p class='ocr_par' dir='ltr' id='par_1_2' title="bbox 279 389 2181 3497">
     <span class='ocr_line' id='line_1_2' title="bbox 354 389 2179 476; baseline 0.001 -24"><span class='ocrx_word' id='word_1_5' title='bbox 354 389 623 474; x_wconf 92' lang='lat' dir='ltr'><strong>ponnesi</strong></span> <span class='ocrx_word' id='word_1_6' title='bbox 646 391 972 474; x_wconf 88' lang='lat' dir='ltr'><strong>protulere</strong></span> <span class='ocrx_word' id='word_1_7' title='bbox 994 411 1239 475; x_wconf 89' lang='lat' dir='ltr'><strong>suoque</strong></span> <span class='ocrx_word' id='word_1_8' title='bbox 1260 391 1402 474; x_wconf 85' lang='lat' dir='ltr'><strong>regi</strong></span> <span class='ocrx_word' id='word_1_9' title='bbox 1418 389 1906 470; x_wconf 68' lang='lat' dir='ltr'><strong>Denthaliatem</strong></span> <span class='ocrx_word' id='word_1_10' title='bbox 1927 410 2179 476; x_wconf 84' lang='lat' dir='ltr'><strong>agrum,</strong></span> 
     </span>
     <span class='ocr_line' id='line_1_3' title="bbox 286 493 2180 579; baseline 0.001 -24"><span class='ocrx_word' id='word_1_11' title='bbox 286 514 336 556; x_wconf 77' lang='grc' dir='ltr'><strong>ιο</strong></span> <span class='ocrx_word' id='word_1_12' title='bbox 352 495 420 558; x_wconf 90' lang='lat' dir='ltr'><strong>in</strong></span> <span class='ocrx_word' id='word_1_13' title='bbox 451 515 574 579; x_wconf 91' lang='lat' dir='ltr'><strong>quo</strong></span> <span class='ocrx_word' id='word_1_14' title='bbox 621 493 690 558; x_wconf 93' lang='lat' dir='ltr'><strong>id</strong></span> <span class='ocrx_word' id='word_1_15' title='bbox 722 494 1080 575; x_wconf 85' lang='lat' dir='ltr'><strong>delubrum,</strong></span> <span class='ocrx_word' id='word_1_16' title='bbox 1128 495 1430 576; x_wconf 83' lang='lat' dir='ltr'><strong>cessisse3</strong></span> <span class='ocrx_word' id='word_1_17' title='bbox 1478 495 1999 579; x_wconf 81' lang='lat' dir='ltr'><strong>monimentaque</strong></span> <span class='ocrx_word' id='word_1_18' title='bbox 2036 495 2180 559; x_wconf 90' lang='lat' dir='ltr'><strong>eius</strong></span> 
     </span>
     <span class='ocr_line' id='line_1_4' title="bbox 352 598 2181 685; baseline -0.001 -23"><span class='ocrx_word' id='word_1_19' title='bbox 352 599 448 663; x_wconf 89' lang='lat' dir='ltr'><strong>rei</strong></span> <span class='ocrx_word' id='word_1_20' title='bbox 507 598 755 682; x_wconf 89' lang='lat' dir='ltr'><strong>sculpta</strong></span> <span class='ocrx_word' id='word_1_21' title='bbox 813 599 984 662; x_wconf 84' lang='lat' dir='ltr'><strong>saxis</strong></span> <span class='ocrx_word' id='word_1_22' title='bbox 1044 605 1109 663; x_wconf 88' lang='lat' dir='ltr'><strong>et</strong></span> <span class='ocrx_word' id='word_1_23' title='bbox 1155 621 1305 664; x_wconf 87' lang='lat' dir='ltr'><strong>aere</strong></span> <span class='ocrx_word' id='word_1_24' title='bbox 1365 600 1578 685; x_wconf 90' lang='lat' dir='ltr'><strong>prisco</strong></span> <span class='ocrx_word' id='word_1_25' title='bbox 1626 620 1909 664; x_wconf 88' lang='lat' dir='ltr'><strong>manere.</strong></span> <span class='ocrx_word' id='word_1_26' title='bbox 2000 598 2181 684; x_wconf 89' lang='lat' dir='ltr'><strong>quod</strong></span> 
     </span>
     <span class='ocr_line' id='line_1_5' title="bbox 353 702 2178 788; baseline 0 -24"><span class='ocrx_word' id='word_1_27' title='bbox 353 702 406 765; x_wconf 93' lang='lat' dir='ltr'><strong>si</strong></span> <span class='ocrx_word' id='word_1_28' title='bbox 451 709 672 768; x_wconf 85' lang='lat' dir='ltr'><strong>vatum</strong></span> <span class='ocrx_word' id='word_1_29' title='bbox 701 703 1026 768; x_wconf 90' lang='lat' dir='ltr'><strong>annalium</strong></span> <span class='ocrx_word' id='word_1_30' title='bbox 1071 703 1156 766; x_wconf 89' lang='lat' dir='ltr'><strong>ad</strong></span> <span class='ocrx_word' id='word_1_31' title='bbox 1185 704 1554 768; x_wconf 87' lang='lat' dir='ltr'><strong>testimonia</strong></span> <span class='ocrx_word' id='word_1_32' title='bbox 1584 709 1915 785; x_wconf 80' lang='lat' dir='ltr'><strong>vocentur,</strong></span> <span class='ocrx_word' id='word_1_33' title='bbox 1957 705 2178 788; x_wconf 92' lang='lat' dir='ltr'><strong>plures</strong></span> 
     </span>
     <span class='ocr_line' id='line_1_6' title="bbox 353 806 2174 893; baseline 0 -23"><span class='ocrx_word' id='word_1_34' title='bbox 353 806 474 871; x_wconf 84' lang='lat' dir='ltr'>sibi</span> <span class='ocrx_word' id='word_1_35' title='bbox 519 828 593 870; x_wconf 90' lang='lat' dir='ltr'><strong>ac</strong></span> <span class='ocrx_word' id='word_1_36' title='bbox 636 808 1094 892; x_wconf 79' lang='lat' dir='ltr'><strong>locupletiores</strong></span> <span class='ocrx_word' id='word_1_37' title='bbox 1141 829 1311 890; x_wconf 84' lang='lat' dir='ltr'><strong>esse3</strong></span> <span class='ocrx_word' id='word_1_38' title='bbox 1370 829 1579 893; x_wconf 90' lang='lat' dir='ltr'><strong>neque</strong></span> <span class='ocrx_word' id='word_1_39' title='bbox 1626 809 1999 893; x_wconf 88' lang='lat' dir='ltr'><strong>Philippum</strong></span> <span class='ocrx_word' id='word_1_40' title='bbox 2054 828 2174 892; x_wconf 89' lang='lat' dir='ltr'><strong>po·</strong></span> 
     </span>
     <span class='ocr_line' id='line_1_7' title="bbox 351 905 2172 996; baseline -0.001 -23"><span class='ocrx_word' id='word_1_41' title='bbox 351 910 556 974; x_wconf 88' lang='lat' dir='ltr'><strong>tentia</strong></span> <span class='ocrx_word' id='word_1_42' title='bbox 591 911 706 976; x_wconf 92' lang='lat' dir='ltr'><strong>sed</strong></span> <span class='ocrx_word' id='word_1_43' title='bbox 743 932 828 975; x_wconf 86' lang='lat' dir='ltr'><strong>ex</strong></span> <span class='ocrx_word' id='word_1_44' title='bbox 858 905 1012 989; x_wconf 82' lang='lat' dir='ltr'><strong>vero</strong></span> <span class='ocrx_word' id='word_1_45' title='bbox 1049 913 1379 976; x_wconf 81' lang='lat' dir='ltr'><strong>statuisse:</strong></span> <span class='ocrx_word' id='word_1_46' title='bbox 1426 912 1603 976; x_wconf 86' lang='lat' dir='ltr'><strong>idem</strong></span> <span class='ocrx_word' id='word_1_47' title='bbox 1632 913 1806 996; x_wconf 87' lang='lat' dir='ltr'><strong>regis</strong></span> <span class='ocrx_word' id='word_1_48' title='bbox 1834 911 2172 996; x_wconf 83' lang='lat' dir='ltr'><strong>Antigoni,</strong></span> 
     </span>
     <span class='ocr_line' id='line_1_8' title="bbox 282 1013 2177 1099; baseline 0.003 -25"><span class='ocrx_word' id='word_1_49' title='bbox 282 1033 334 1071; x_wconf 81' lang='lat'><strong>15</strong></span> <span class='ocrx_word' id='word_1_50' title='bbox 354 1013 529 1077; x_wconf 91' lang='lat' dir='ltr'><strong>idem</strong></span> <span class='ocrx_word' id='word_1_51' title='bbox 573 1015 984 1099; x_wconf 89' lang='lat' dir='ltr'><strong>imperatoris</strong></span> <span class='ocrx_word' id='word_1_52' title='bbox 1023 1016 1321 1081; x_wconf 86' lang='lat' dir='ltr'><strong>Mummii</strong></span> <span class='ocrx_word' id='word_1_53' title='bbox 1364 1016 1701 1097; x_wconf 85' lang='lat' dir='ltr'><strong>iudicium3</strong></span> <span class='ocrx_word' id='word_1_54' title='bbox 1748 1016 1840 1080; x_wconf 91' lang='lat' dir='ltr'><strong>sic</strong></span> <span class='ocrx_word' id='word_1_55' title='bbox 1883 1016 2177 1080; x_wconf 89' lang='lat' dir='ltr'><strong>Milesios</strong></span> 
     </span>
     <span class='ocr_line' id='line_1_9' title="bbox 350 1119 2175 1204; baseline 0.001 -22"><span class='ocrx_word' id='word_1_56' title='bbox 350 1119 665 1201; x_wconf 88' lang='lat' dir='ltr'><strong>permisso</strong></span> <span class='ocrx_word' id='word_1_57' title='bbox 712 1121 970 1203; x_wconf 89' lang='lat' dir='ltr'><strong>publice</strong></span> <span class='ocrx_word' id='word_1_58' title='bbox 1017 1120 1303 1202; x_wconf 89' lang='lat' dir='ltr'><strong>arbitrio,</strong></span> <span class='ocrx_word' id='word_1_59' title='bbox 1349 1127 1679 1204; x_wconf 89' lang='lat' dir='ltr'><strong>postremo</strong></span> <span class='ocrx_word' id='word_1_60' title='bbox 1711 1120 2007 1185; x_wconf 90' lang='lat' dir='ltr'><strong>Atidium</strong></span> <span class='ocrx_word' id='word_1_61' title='bbox 2042 1119 2175 1184; x_wconf 80' lang='lat' dir='ltr'><strong>Ge·</strong></span> 
     </span>
     <span class='ocr_line' id='line_1_10' title="bbox 349 1223 2172 1308; baseline 0 -21"><span class='ocrx_word' id='word_1_62' title='bbox 349 1223 593 1288; x_wconf 91' lang='lat' dir='ltr'><strong>minum</strong></span> <span class='ocrx_word' id='word_1_63' title='bbox 637 1230 1004 1308; x_wconf 85' lang='lat' dir='ltr'><strong>praetorem</strong></span> <span class='ocrx_word' id='word_1_64' title='bbox 1034 1224 1321 1290; x_wconf 81' lang='lat' dir='ltr'><strong>Achaiae</strong></span> <span class='ocrx_word' id='word_1_65' title='bbox 1360 1224 1746 1290; x_wconf 83' lang='lat' dir='ltr'><strong>decrevisse.</strong></span> <span class='ocrx_word' id='word_1_66' title='bbox 1822 1225 1913 1290; x_wconf 86' lang='lat' dir='ltr'><strong>ita</strong></span> <span class='ocrx_word' id='word_1_67' title='bbox 1944 1245 2172 1288; x_wconf 89' lang='lat' dir='ltr'><strong>secun-</strong></span> 
     </span>
     <span class='ocr_line' id='line_1_11' title="bbox 351 1326 2173 1410; baseline 0.001 -19"><span class='ocrx_word' id='word_1_68' title='bbox 351 1327 504 1391; x_wconf 90' lang='lat' dir='ltr'><strong>dum</strong></span> <span class='ocrx_word' id='word_1_69' title='bbox 546 1326 906 1391; x_wconf 81' lang='lat' dir='ltr'><strong>Messenios</strong></span> <span class='ocrx_word' id='word_1_70' title='bbox 953 1326 1195 1391; x_wconf 87' lang='lat' dir='ltr'><strong>datum.</strong></span> <span class='ocrx_word' id='word_1_71' title='bbox 1280 1332 1345 1392; x_wconf 91' lang='lat' dir='ltr'><strong>et</strong></span> <span class='ocrx_word' id='word_1_72' title='bbox 1385 1327 1725 1410; x_wconf 83' lang='lat' dir='ltr'><strong>Segestani</strong></span> <span class='ocrx_word' id='word_1_73' title='bbox 1769 1328 2000 1392; x_wconf 89' lang='lat' dir='ltr'><strong>aedem</strong></span> <span class='ocrx_word' id='word_1_74' title='bbox 2037 1326 2173 1392; x_wconf 88' lang='lat' dir='ltr'><strong>Ve-</strong></span> 
     </span>
     <span class='ocr_line' id='line_1_12' title="bbox 345 1431 2173 1517; baseline 0 -21"><span class='ocrx_word' id='word_1_75' title='bbox 345 1432 516 1496; x_wconf 88' lang='lat' dir='ltr'><strong>neris</strong></span> <span class='ocrx_word' id='word_1_76' title='bbox 563 1436 855 1496; x_wconf 89' lang='lat' dir='ltr'><strong>montem</strong></span> <span class='ocrx_word' id='word_1_77' title='bbox 913 1431 1086 1516; x_wconf 89' lang='lat' dir='ltr'><strong>apud</strong></span> <span class='ocrx_word' id='word_1_78' title='bbox 1129 1431 1415 1514; x_wconf 81' lang='lat' dir='ltr'><strong>Erycum</strong></span> <span class='ocrx_word' id='word_1_79' title='bbox 1470 1438 1792 1496; x_wconf 85' lang='lat' dir='ltr'><strong>vetustate</strong></span> <span class='ocrx_word' id='word_1_80' title='bbox 1855 1433 2173 1517; x_wconf 88' lang='lat' dir='ltr'><strong>dilapsam</strong></span> 
     </span>
     <span class='ocr_line' id='line_1_13' title="bbox 279 1535 2164 1619; baseline -0.001 -21"><span class='ocrx_word' id='word_1_81' title='bbox 279 1535 690 1598; x_wconf 72' lang='lat' dir='ltr'><strong>mrestaurari</strong></span> <span class='ocrx_word' id='word_1_82' title='bbox 732 1536 1176 1619; x_wconf 82' lang='lat' dir='ltr'><strong>postulavere,</strong></span> <span class='ocrx_word' id='word_1_83' title='bbox 1222 1541 1379 1598; x_wconf 90' lang='lat' dir='ltr'><strong>nota</strong></span> <span class='ocrx_word' id='word_1_84' title='bbox 1422 1543 1857 1600; x_wconf 88' lang='lat' dir='ltr'><strong>memorantes</strong></span> <span class='ocrx_word' id='word_1_85' title='bbox 1906 1536 1988 1600; x_wconf 93' lang='lat' dir='ltr'><strong>de</strong></span> <span class='ocrx_word' id='word_1_86' title='bbox 2036 1535 2164 1599; x_wconf 91' lang='lat' dir='ltr'><strong>ori-</strong></span> 
     </span>
     <span class='ocr_line' id='line_1_14' title="bbox 345 1639 2163 1724; baseline -0.001 -22"><span class='ocrx_word' id='word_1_87' title='bbox 345 1640 496 1724; x_wconf 87' lang='lat' dir='ltr'><strong>gine</strong></span> <span class='ocrx_word' id='word_1_88' title='bbox 543 1639 680 1703; x_wconf 88' lang='lat' dir='ltr'><strong>eius</strong></span> <span class='ocrx_word' id='word_1_89' title='bbox 727 1645 792 1704; x_wconf 94' lang='lat' dir='ltr'><strong>et</strong></span> <span class='ocrx_word' id='word_1_90' title='bbox 834 1640 1008 1704; x_wconf 89' lang='lat' dir='ltr'><strong>laeta</strong></span> <span class='ocrx_word' id='word_1_91' title='bbox 1035 1639 1318 1705; x_wconf 83' lang='lat' dir='ltr'><strong>Tiberio.</strong></span> <span class='ocrx_word' id='word_1_92' title='bbox 1385 1641 1669 1724; x_wconf 87' lang='lat' dir='ltr'><strong>suscepit</strong></span> <span class='ocrx_word' id='word_1_93' title='bbox 1706 1661 1926 1704; x_wconf 89' lang='lat' dir='ltr'><strong>curam</strong></span> <span class='ocrx_word' id='word_1_94' title='bbox 1954 1640 2163 1704; x_wconf 91' lang='lat' dir='ltr'><strong>libens</strong></span> 
     </span>
     <span class='ocr_line' id='line_1_15' title="bbox 348 1743 2171 1828; baseline -0.001 -21"><span class='ocrx_word' id='word_1_95' title='bbox 348 1750 419 1807; x_wconf 91' lang='lat' dir='ltr'><strong>ut</strong></span> <span class='ocrx_word' id='word_1_96' title='bbox 476 1745 1009 1828; x_wconf 84' lang='lat' dir='ltr'><strong>consanguineus.</strong></span> <span class='ocrx_word' id='word_1_97' title='bbox 1097 1751 1251 1810; x_wconf 84' lang='lat' dir='ltr'><strong>tunc</strong></span> <span class='ocrx_word' id='word_1_98' title='bbox 1306 1750 1618 1809; x_wconf 88' lang='lat' dir='ltr'><strong>tractatae</strong></span> <span class='ocrx_word' id='word_1_99' title='bbox 1671 1743 2171 1809; x_wconf 87' lang='lat' dir='ltr'><strong>Massiliensium</strong></span> 
     </span>
     <span class='ocr_line' id='line_1_16' title="bbox 349 1848 2166 1935; baseline -0.001 -23"><span class='ocrx_word' id='word_1_100' title='bbox 349 1869 573 1934; x_wconf 85' lang='lat' dir='ltr'><strong>preces</strong></span> <span class='ocrx_word' id='word_1_101' title='bbox 617 1851 1086 1935; x_wconf 81' lang='lat' dir='ltr'><strong>probatumque</strong></span> <span class='ocrx_word' id='word_1_102' title='bbox 1129 1850 1204 1913; x_wconf 89' lang='lat' dir='ltr'><strong>P.</strong></span> <span class='ocrx_word' id='word_1_103' title='bbox 1252 1848 1477 1912; x_wconf 87' lang='lat' dir='ltr'><strong>Rutilii</strong></span> <span class='ocrx_word' id='word_1_104' title='bbox 1522 1848 1922 1932; x_wconf 83' lang='lat' dir='ltr'><strong>exemplum3</strong></span> <span class='ocrx_word' id='word_1_105' title='bbox 1983 1867 2166 1911; x_wconf 88' lang='lat' dir='ltr'><strong>nam-</strong></span> 
     </span>
     <span class='ocr_line' id='line_1_17' title="bbox 351 1952 2174 2039; baseline 0 -22"><span class='ocrx_word' id='word_1_106' title='bbox 351 1975 475 2039; x_wconf 87' lang='lat' dir='ltr'><strong>que</strong></span> <span class='ocrx_word' id='word_1_107' title='bbox 538 1974 687 2018; x_wconf 90' lang='lat' dir='ltr'><strong>eum</strong></span> <span class='ocrx_word' id='word_1_108' title='bbox 745 1954 998 2037; x_wconf 82' lang='lat' dir='ltr'><strong>legibus</strong></span> <span class='ocrx_word' id='word_1_109' title='bbox 1064 1956 1321 2039; x_wconf 91' lang='lat' dir='ltr'><strong>pulsum</strong></span> <span class='ocrx_word' id='word_1_110' title='bbox 1384 1954 1590 2018; x_wconf 86' lang='lat' dir='ltr'><strong>civem</strong></span> <span class='ocrx_word' id='word_1_111' title='bbox 1653 1953 1774 2016; x_wconf 89' lang='lat' dir='ltr'><strong>sibi</strong></span> <span class='ocrx_word' id='word_1_112' title='bbox 1830 1952 2174 2037; x_wconf 80' lang='lat' dir='ltr'><strong>Zmyrnaei</strong></span> 
     </span>
     <span class='ocr_line' id='line_1_18' title="bbox 280 2056 2172 2141; baseline 0.001 -21"><span class='ocrx_word' id='word_1_113' title='bbox 280 2079 332 2120; x_wconf 75' lang='lat'><strong>2⁵</strong></span> <span class='ocrx_word' id='word_1_114' title='bbox 347 2056 749 2123; x_wconf 88' lang='lat' dir='ltr'><strong>addiderant.</strong></span> <span class='ocrx_word' id='word_1_115' title='bbox 824 2078 950 2141; x_wconf 90' lang='lat' dir='ltr'><strong>quo</strong></span> <span class='ocrx_word' id='word_1_116' title='bbox 997 2058 1135 2121; x_wconf 88' lang='lat' dir='ltr'><strong>iure</strong></span> <span class='ocrx_word' id='word_1_117' title='bbox 1173 2056 1508 2122; x_wconf 88' lang='lat' dir='ltr'><strong>Vulcatius</strong></span> <span class='ocrx_word' id='word_1_118' title='bbox 1553 2056 1860 2121; x_wconf 87' lang='lat' dir='ltr'><strong>Moschus</strong></span> <span class='ocrx_word' id='word_1_119' title='bbox 1906 2057 2060 2121; x_wconf 84' lang='lat' dir='ltr'><strong>exul</strong></span> <span class='ocrx_word' id='word_1_120' title='bbox 2104 2057 2172 2121; x_wconf 85' lang='lat' dir='ltr'><strong>in</strong></span> 
     </span>
     <span class='ocr_line' id='line_1_19' title="bbox 348 2145 2167 2245; baseline -0.002 -18"><span class='ocrx_word' id='word_1_121' title='bbox 348 2162 781 2227; x_wconf 87' lang='lat' dir='ltr'><strong>Massilienses</strong></span> <span class='ocrx_word' id='word_1_122' title='bbox 810 2166 1109 2245; x_wconf 88' lang='lat' dir='ltr'><strong>receptus</strong></span> <span class='ocrx_word' id='word_1_123' title='bbox 1140 2161 1313 2225; x_wconf 89' lang='lat' dir='ltr'><strong>bona</strong></span> <span class='ocrx_word' id='word_1_124' title='bbox 1342 2182 1459 2224; x_wconf 87' lang='lat' dir='ltr'><strong>sua</strong></span> <span class='ocrx_word' id='word_1_125' title='bbox 1487 2162 1581 2225; x_wconf 92' lang='lat' dir='ltr'><strong>rei</strong></span> <span class='ocrx_word' id='word_1_126' title='bbox 1612 2145 1907 2245; x_wconf 82' lang='lat' dir='ltr'><strong>publicae</strong></span> <span class='ocrx_word' id='word_1_127' title='bbox 1941 2180 2167 2225; x_wconf 91' lang='lat' dir='ltr'><strong>eorum</strong></span> 
     </span>
     <span class='ocr_line' id='line_1_20' title="bbox 349 2265 1126 2350; baseline -0.003 -19"><span class='ocrx_word' id='word_1_128' title='bbox 349 2274 423 2331; x_wconf 88' lang='lat' dir='ltr'><strong>ut</strong></span> <span class='ocrx_word' id='word_1_129' title='bbox 465 2267 710 2350; x_wconf 86' lang='lat' dir='ltr'><strong>patriae</strong></span> <span class='ocrx_word' id='word_1_130' title='bbox 756 2265 1126 2349; x_wconf 85' lang='lat' dir='ltr'><strong>reliquerat.</strong></span> 
     </span>
     <span class='ocr_line' id='line_1_21' title="bbox 479 2368 2173 2434; baseline 0.002 -4"><span class='ocrx_word' id='word_1_131' title='bbox 479 2370 582 2431; x_wconf 88' lang='lat'><strong>44.</strong></span> <span class='ocrx_word' id='word_1_132' title='bbox 639 2368 874 2433; x_wconf 89' lang='lat' dir='ltr'><strong>Obiere</strong></span> <span class='ocrx_word' id='word_1_133' title='bbox 921 2389 1000 2433; x_wconf 91' lang='lat' dir='ltr'><strong>eo</strong></span> <span class='ocrx_word' id='word_1_134' title='bbox 1040 2390 1208 2433; x_wconf 91' lang='lat' dir='ltr'><strong>anno</strong></span> <span class='ocrx_word' id='word_1_135' title='bbox 1258 2369 1379 2433; x_wconf 82' lang='lat' dir='ltr'><strong>viri</strong></span> <span class='ocrx_word' id='word_1_136' title='bbox 1416 2369 1667 2433; x_wconf 88' lang='lat' dir='ltr'><strong>nobiles</strong></span> <span class='ocrx_word' id='word_1_137' title='bbox 1706 2368 1824 2433; x_wconf 85' lang='lat' dir='ltr'><strong>On.</strong></span> <span class='ocrx_word' id='word_1_138' title='bbox 1855 2368 2173 2434; x_wconf 89' lang='lat' dir='ltr'><strong>Lentulus</strong></span> 
     </span>
     <span class='ocr_line' id='line_1_22' title="bbox 350 2471 2175 2557; baseline 0.001 -21"><span class='ocrx_word' id='word_1_139' title='bbox 350 2477 414 2537; x_wconf 89' lang='lat' dir='ltr'><strong>et</strong></span> <span class='ocrx_word' id='word_1_140' title='bbox 476 2472 550 2536; x_wconf 90' lang='lat' dir='ltr'><strong>L.</strong></span> <span class='ocrx_word' id='word_1_141' title='bbox 608 2471 953 2536; x_wconf 89' lang='lat' dir='ltr'><strong>Domitius.</strong></span> <span class='ocrx_word' id='word_1_142' title='bbox 1042 2472 1319 2538; x_wconf 91' lang='lat' dir='ltr'><strong>Lentulo</strong></span> <span class='ocrx_word' id='word_1_143' title='bbox 1385 2493 1577 2557; x_wconf 91' lang='lat' dir='ltr'><strong>super</strong></span> <span class='ocrx_word' id='word_1_144' title='bbox 1640 2473 2041 2537; x_wconf 88' lang='lat' dir='ltr'><strong>consulatum</strong></span> <span class='ocrx_word' id='word_1_145' title='bbox 2106 2480 2175 2537; x_wconf 92' lang='lat' dir='ltr'><strong>et</strong></span> 
     </span>
     <span class='ocr_line' id='line_1_23' title="bbox 350 2576 2171 2662; baseline 0.002 -24"><span class='ocrx_word' id='word_1_146' title='bbox 350 2576 759 2661; x_wconf 87' lang='lat' dir='ltr'><strong>triumphalia</strong></span> <span class='ocrx_word' id='word_1_147' title='bbox 818 2576 899 2641; x_wconf 86' lang='lat' dir='ltr'><strong>de</strong></span> <span class='ocrx_word' id='word_1_148' title='bbox 950 2577 1132 2641; x_wconf 83' lang='lat' dir='ltr'><strong>Getis</strong></span> <span class='ocrx_word' id='word_1_149' title='bbox 1186 2578 1435 2661; x_wconf 85' lang='lat' dir='ltr'><strong>gloriae</strong></span> <span class='ocrx_word' id='word_1_150' title='bbox 1477 2578 1647 2643; x_wconf 89' lang='lat' dir='ltr'><strong>bene</strong></span> <span class='ocrx_word' id='word_1_151' title='bbox 1691 2579 1966 2642; x_wconf 87' lang='lat' dir='ltr'><strong>tolerata</strong></span> <span class='ocrx_word' id='word_1_152' title='bbox 2011 2599 2171 2662; x_wconf 90' lang='lat' dir='ltr'><strong>pau-</strong></span> 
     </span>
     <span class='ocr_line' id='line_1_24' title="bbox 351 2681 2171 2768; baseline 0.002 -25"><span class='ocrx_word' id='word_1_153' title='bbox 351 2686 600 2765; x_wconf 88' lang='lat' dir='ltr'><strong>pertas,</strong></span> <span class='ocrx_word' id='word_1_154' title='bbox 665 2681 816 2745; x_wconf 90' lang='lat' dir='ltr'><strong>dein</strong></span> <span class='ocrx_word' id='word_1_155' title='bbox 873 2702 1146 2767; x_wconf 87' lang='lat' dir='ltr'><strong>magnae</strong></span> <span class='ocrx_word' id='word_1_156' title='bbox 1210 2704 1369 2767; x_wconf 89' lang='lat' dir='ltr'><strong>opes</strong></span> <span class='ocrx_word' id='word_1_157' title='bbox 1412 2684 1791 2747; x_wconf 88' lang='lat' dir='ltr'><strong>innocenter</strong></span> <span class='ocrx_word' id='word_1_158' title='bbox 1838 2689 2059 2768; x_wconf 89' lang='lat' dir='ltr'><strong>partae</strong></span> <span class='ocrx_word' id='word_1_159' title='bbox 2107 2690 2171 2747; x_wconf 91' lang='lat' dir='ltr'><strong>et</strong></span> 
     </span>
     <span class='ocr_line' id='line_1_25' title="bbox 308 2786 2173 2873; baseline 0.002 -27"><span class='ocrx_word' id='word_1_160' title='bbox 308 2786 647 2850; x_wconf 72' lang='lat' dir='ltr'><strong>smodeste</strong></span> <span class='ocrx_word' id='word_1_161' title='bbox 691 2787 970 2851; x_wconf 89' lang='lat' dir='ltr'><strong>habitae.</strong></span> <span class='ocrx_word' id='word_1_162' title='bbox 1059 2786 1419 2852; x_wconf 89' lang='lat' dir='ltr'><strong>Domitium</strong></span> <span class='ocrx_word' id='word_1_163' title='bbox 1466 2787 1796 2853; x_wconf 86' lang='lat' dir='ltr'><strong>decoravit</strong></span> <span class='ocrx_word' id='word_1_164' title='bbox 1854 2795 2037 2873; x_wconf 89' lang='lat' dir='ltr'><strong>pater</strong></span> <span class='ocrx_word' id='word_1_165' title='bbox 2085 2788 2173 2851; x_wconf 87' lang='lat' dir='ltr'><strong>ci-</strong></span> 
     </span>
     <span class='ocr_line' id='line_1_26' title="bbox 349 2889 2172 2977; baseline 0.001 -23"><span class='ocrx_word' id='word_1_166' title='bbox 349 2889 462 2954; x_wconf 79' lang='lat' dir='ltr'><strong>vili</strong></span> <span class='ocrx_word' id='word_1_167' title='bbox 507 2890 676 2954; x_wconf 92' lang='lat' dir='ltr'><strong>bello</strong></span> <span class='ocrx_word' id='word_1_168' title='bbox 724 2890 919 2955; x_wconf 87' lang='lat' dir='ltr'><strong>maris</strong></span> <span class='ocrx_word' id='word_1_169' title='bbox 959 2896 1224 2975; x_wconf 88' lang='lat' dir='ltr'><strong>potens,</strong></span> <span class='ocrx_word' id='word_1_170' title='bbox 1291 2890 1500 2955; x_wconf 92' lang='lat' dir='ltr'><strong>donec</strong></span> <span class='ocrx_word' id='word_1_171' title='bbox 1544 2891 1816 2957; x_wconf 89' lang='lat' dir='ltr'><strong>Antonii</strong></span> <span class='ocrx_word' id='word_1_172' title='bbox 1860 2892 2172 2977; x_wconf 89' lang='lat' dir='ltr'><strong>partibus,</strong></span> 
     </span>
     <span class='ocr_line' id='line_1_27' title="bbox 349 2994 2171 3061; baseline 0.002 -4"><span class='ocrx_word' id='word_1_173' title='bbox 349 3015 507 3058; x_wconf 82' lang='lat' dir='ltr'><strong>mox</strong></span> <span class='ocrx_word' id='word_1_174' title='bbox 567 2994 862 3059; x_wconf 81' lang='lat' dir='ltr'><strong>Caesaris</strong></span> <span class='ocrx_word' id='word_1_175' title='bbox 919 2995 1316 3059; x_wconf 88' lang='lat' dir='ltr'><strong>misceretur.</strong></span> <span class='ocrx_word' id='word_1_176' title='bbox 1406 3017 1563 3061; x_wconf 85' lang='lat' dir='ltr'><strong>avus</strong></span> <span class='ocrx_word' id='word_1_177' title='bbox 1608 2996 1977 3060; x_wconf 87' lang='lat' dir='ltr'><strong>Pharsalica</strong></span> <span class='ocrx_word' id='word_1_178' title='bbox 2034 2996 2171 3060; x_wconf 89' lang='lat' dir='ltr'><strong>acie</strong></span> 
     </span>
     <span class='ocr_line' id='line_1_28' title="bbox 349 3098 2161 3185; baseline 0.002 -24"><span class='ocrx_word' id='word_1_179' title='bbox 349 3119 466 3182; x_wconf 91' lang='lat' dir='ltr'><strong>pro</strong></span> <span class='ocrx_word' id='word_1_180' title='bbox 495 3099 929 3182; x_wconf 91' lang='lat' dir='ltr'><strong>optumatibus</strong></span> <span class='ocrx_word' id='word_1_181' title='bbox 955 3098 1295 3164; x_wconf 85' lang='lat' dir='ltr'><strong>ceciderat.</strong></span> <span class='ocrx_word' id='word_1_182' title='bbox 1346 3098 1483 3185; x_wconf 90' lang='lat' dir='ltr'><strong>ipse</strong></span> <span class='ocrx_word' id='word_1_183' title='bbox 1509 3100 1799 3165; x_wconf 88' lang='lat' dir='ltr'><strong>delectus</strong></span> <span class='ocrx_word' id='word_1_184' title='bbox 1826 3099 1931 3163; x_wconf 91' lang='lat' dir='ltr'><strong>cui</strong></span> <span class='ocrx_word' id='word_1_185' title='bbox 1954 3100 2161 3165; x_wconf 89' lang='lat' dir='ltr'><strong>minor</strong></span> 
     </span>
     <span class='ocr_line' id='line_1_29' title="bbox 347 3201 2169 3286; baseline 0.001 -19"><span class='ocrx_word' id='word_1_186' title='bbox 347 3201 655 3283; x_wconf 86' lang='lat' dir='ltr'><strong>Antonia,</strong></span> <span class='ocrx_word' id='word_1_187' title='bbox 699 3202 968 3267; x_wconf 83' lang='lat' dir='ltr'><strong>Octavia</strong></span> <span class='ocrx_word' id='word_1_188' title='bbox 997 3204 1240 3286; x_wconf 86' lang='lat' dir='ltr'><strong>genita,</strong></span> <span class='ocrx_word' id='word_1_189' title='bbox 1284 3204 1350 3267; x_wconf 95' lang='lat' dir='ltr'><strong>in</strong></span> <span class='ocrx_word' id='word_1_190' title='bbox 1379 3204 1855 3269; x_wconf 87' lang='lat' dir='ltr'><strong>matrimonium</strong></span> <span class='ocrx_word' id='word_1_191' title='bbox 1891 3204 2169 3286; x_wconf 86' lang='lat' dir='ltr'><strong>daretur,</strong></span> 
     </span>
     <span class='ocr_line' id='line_1_30' title="bbox 281 3307 2168 3392; baseline 0.001 -20"><span class='ocrx_word' id='word_1_192' title='bbox 281 3335 332 3372; x_wconf 90' lang='lat'><strong>10</strong></span> <span class='ocrx_word' id='word_1_193' title='bbox 349 3314 498 3391; x_wconf 88' lang='lat' dir='ltr'><strong>post</strong></span> <span class='ocrx_word' id='word_1_194' title='bbox 542 3308 833 3371; x_wconf 86' lang='lat' dir='ltr'><strong>exercitu</strong></span> <span class='ocrx_word' id='word_1_195' title='bbox 876 3309 1112 3371; x_wconf 90' lang='lat' dir='ltr'><strong>flumen</strong></span> <span class='ocrx_word' id='word_1_196' title='bbox 1156 3307 1377 3372; x_wconf 89' lang='lat' dir='ltr'><strong>Albim</strong></span> <span class='ocrx_word' id='word_1_197' title='bbox 1422 3308 1846 3392; x_wconf 88' lang='lat' dir='ltr'><strong>transcendit,</strong></span> <span class='ocrx_word' id='word_1_198' title='bbox 1911 3309 2168 3392; x_wconf 86' lang='lat' dir='ltr'><strong>longius</strong></span> 
     </span>
     <span class='ocr_line' id='line_1_31' title="bbox 350 3410 2167 3497; baseline 0.002 -24"><span class='ocrx_word' id='word_1_199' title='bbox 350 3418 687 3494; x_wconf 88' lang='lat' dir='ltr'><strong>penetrata</strong></span> <span class='ocrx_word' id='word_1_200' title='bbox 764 3410 1110 3475; x_wconf 83' lang='lat' dir='ltr'><strong>Germania</strong></span> <span class='ocrx_word' id='word_1_201' title='bbox 1181 3432 1374 3495; x_wconf 87' lang='lat' dir='ltr'><strong>quam</strong></span> <span class='ocrx_word' id='word_1_202' title='bbox 1454 3414 1787 3497; x_wconf 88' lang='lat' dir='ltr'><strong>quisquam</strong></span> <span class='ocrx_word' id='word_1_203' title='bbox 1860 3414 2167 3497; x_wconf 86' lang='lat' dir='ltr'><strong>priorum,</strong></span> 
     </span>
    </p>
   </div>
   <div class='ocr_carea' id='block_1_3' title="bbox 2439 801 2449 2296">
    <p class='ocr_par' dir='ltr' id='par_1_3' title="bbox 2439 801 2449 2296">
     <span class='ocr_line' id='line_1_32' title="bbox 2439 801 2449 2296; baseline 0 0"><span class='ocrx_word' id='word_1_204' title='bbox 2439 801 2449 2296; x_wconf 95' lang='lat' dir='ltr'><strong> </strong></span> 
     </span>
    </p>
   </div>
  </div>
 </body>
</html>
