2467 3900
339 168 414 224 90
1000 171 1278 212 CORNELII
1305 171 1502 212 TACITI

296 331 677 397 5fovebant:
727 335 953 395 contra
994 329 1288 415 plerique
1320 330 1708 395 nitebantur
1750 335 1823 392 ut
1865 350 2201 395 numerus

336 436 685 508 liberorum
746 435 815 500 in
878 433 1238 500 candidatis
1295 433 1764 521 praepolleret,
1829 432 2008 518 quod
2072 432 2202 498 lex

336 540 615 607 iubebat.
690 539 1055 605 laetabatur
1082 540 1401 623 Tiberine,
1451 559 1597 604 cum
1641 539 1810 603 inter
1834 539 2005 604 filios
2041 539 2197 604 eius

340 651 407 710 et
446 647 629 730 leges
675 651 935 710 senatus
981 643 1393 728 disceptaret.
1468 643 1640 709 victa
1671 648 1771 709 est
1800 643 1940 708 sine
1975 641 2192 707 dubio

337 748 481 832 lex,
539 748 657 814 sed
712 770 924 834 neque
985 748 1198 814 statim
1254 754 1320 813 et
1363 748 1584 834 paucis
1631 747 1984 834 suffragiis,
2048 768 2190 832 quo

272 878 320 917 ιο
338 853 535 918 modo
584 853 777 918 etiam
828 875 973 919 cum
1016 853 1311 920 valerent
1355 853 1537 938 leges
1581 853 2025 918 vincebantur.

470 958 573 1022 52.
620 957 875 1023 Eodem
933 977 1101 1022 anno
1163 964 1465 1042 coeptum
1524 959 1592 1023 in
1635 957 1856 1024 Africa
1906 959 2186 1040 bellum,

339 1061 503 1126 duce
547 1062 833 1127 hostium
879 1061 1303 1127 Tacfarinate.
1348 1062 1404 1125 is
1449 1061 1713 1127 natione
1756 1060 2065 1144 Numida,
2114 1061 2185 1125 in

342 1165 563 1230 castris
592 1165 907 1232 Romanis
954 1166 1292 1231 auxiliaria
1315 1165 1656 1252 stipendia
1680 1166 1969 1247 meritus,
2015 1186 2186 1230 mox

340 1269 667 1352 desertor,
722 1289 925 1354 vagos
982 1271 1261 1355 primum
1306 1277 1374 1336 et
1416 1271 1783 1337 latrociniis·
1819 1275 2040 1336 suetos
2093 1269 2182 1334 ad

296 1374 648 1460 spraedam
689 1380 755 1439 et
784 1379 1007 1459 raptus
1041 1395 1459 1460 congregare,
1506 1374 1659 1440 dein
1688 1397 1870 1440 more
1902 1374 2182 1441 militiae

336 1498 455 1562 per
497 1478 741 1542 vexilla
786 1486 853 1542 et
896 1485 1139 1542 turmas
1184 1499 1606 1565 componere,
1664 1463 1994 1564 postremo
2041 1499 2182 1544 non

338 1581 709 1646 inconditae
756 1582 982 1647 turbae
1030 1582 1147 1646 sed
1177 1584 1712 1649 Musulamiorum
1761 1584 1895 1649 dux
1926 1583 2180 1648 haberi.

338 1686 554 1750 valida
600 1707 678 1752 ea
721 1707 883 1771 gens
916 1692 983 1752 et
1012 1687 1467 1753 solitudinibus
1497 1687 1758 1752 Africae
1787 1687 2178 1773 propinqua,

336 1791 515 1854 nullo
566 1791 760 1856 etiam
806 1797 945 1856 tum
987 1791 1244 1857 urbium
1290 1792 1499 1875 cultu,
1554 1791 1726 1877 cepit
1761 1813 1946 1871 ¹arma
1985 1792 2176 1857 Mau-

270 1921 321 1965 10
337 1917 574 1982 rosque
620 1897 874 1963 accolas
918 1897 987 1961 in
1029 1896 1276 1962 bellum
1319 1897 1545 1962 traxit:
1595 1896 1728 1961 dux
1775 1901 1842 1961 et
1870 1895 1990 1975 his,
2037 1895 2178 1961 Ma-

336 2002 542 2085 zippa.
630 2001 1003 2086 divisusque
1052 2001 1395 2085 exercitus,
1443 2008 1513 2065 ut
1557 1999 1926 2066 Tacfarinas
1970 2001 2178 2066 lectos

339 2104 512 2169 viros
580 2110 649 2167 et
707 2103 1079 2170 Romanum
1142 2105 1209 2169 in
1273 2104 1539 2170 modum
1604 2110 1886 2170 armatos
1949 2106 2178 2169 castris

313 2211 669 2291 attineret,
716 2209 1091 2295 disciplinae
1136 2209 1430 2295 imperiis
1475 2215 1830 2292 suesceret,
1876 2210 2180 2294 Mazippa

340 2314 469 2379 levi
528 2334 672 2379 cum
732 2316 921 2399 copia
972 2314 1274 2379 incendia
1331 2320 1397 2379 et
1454 2313 1689 2379 caedes
1745 2320 1811 2379 et
1857 2318 2178 2379 terrorem

272 2443 322 2483 15
342 2419 798 2483 circumferret.
861 2419 1409 2505 conpulerantque
1436 2418 1774 2502 Cinithios,
1797 2418 1972 2482 haud
1995 2438 2175 2503 sper-

280 2536 287 2542 ·
342 2521 621 2587 nendam
648 2524 996 2607 nationem,
1038 2524 1107 2588 in
1140 2524 1387 2607 eadem,
1420 2544 1566 2587 cum
1595 2522 1832 2587 Furius
1867 2521 2175 2586 Camillus

303 2648 459 2712 -pro
508 2628 771 2693 consule
804 2626 1064 2693 Africae
1111 2629 1443 2711 legionem
1487 2632 1554 2692 et
1599 2626 1775 2713 quod
1821 2627 1939 2691 sub
1977 2626 2174 2711 signis

342 2732 665 2799 sociorum
722 2732 791 2797 in
846 2752 1046 2796 unum
1104 2732 1460 2799 conductos
1517 2731 1602 2795 ad
1657 2730 1912 2796 hostem
1968 2729 2172 2809 duxit,

341 2837 663 2902 modicam
730 2857 991 2901 manum
1008 2887 1024 2918 ,
1088 2837 1142 2901 si
1204 2835 1684 2901 multitudinem
1743 2833 2173 2900 Numidarum

273 2968 325 3010 20
342 2948 535 3026 atque
567 2942 939 3006 Maurorum
986 2948 1343 3027 spectares3
1393 2940 1508 3006 sed
1553 2940 1714 3004 nihil
1749 2960 1954 3025 aeque
1989 2960 2171 3005 cave-

342 3046 531 3111 batur
576 3066 767 3131 quam
812 3066 895 3109 ne
925 3046 1169 3111 bellum
1199 3051 1380 3110 metu
1413 3044 1777 3110 eluderent:
1825 3064 1940 3129 spe
1971 3042 2169 3109 victo-

343 3150 475 3215 riae
542 3149 789 3213 inducti
858 3155 1007 3213 sunt
1070 3155 1142 3214 ut
1208 3150 1639 3215 vincerentur.
1737 3148 1936 3231 igitur
1999 3148 2168 3233 legio

344 3253 593 3337 media,
649 3253 829 3319 leves
888 3255 1188 3335 cohortes
1235 3254 1529 3339 duaeque
1577 3256 1718 3319 alae
1763 3254 1833 3318 in
1879 3252 2169 3319 cornibus

342 3353 656 3422 locantur.
724 3378 847 3423 nec
874 3357 1240 3423 Tacfarinas
1268 3379 1554 3443 pugnam
1584 3356 1984 3422 detrectavit.
2051 3355 2168 3421 fusi
