2467 3900
393 241 504 296 236
1048 246 1327 286 connnnn
1352 245 1549 286 norm

392 424 641 468 sacrum
687 402 824 466 Soli
878 401 947 465 id
1017 402 1257 466 animal
1316 408 1381 466 et
1441 423 1551 466 ore
1598 421 1673 466 ac
1719 402 2026 466 distinctu
2070 402 2227 486 pin-

392 529 617 573 narum
659 529 700 572 a
746 507 978 571 ceteris
1023 505 1248 572 avibus
1281 506 1606 571 diversum
1652 507 2061 571 consentiunt
2105 506 2233 590 qui

394 612 667 676 formam
711 610 969 675 videre:
1037 609 1118 676 de
1179 632 1445 676 numero
1506 631 1823 676 annorum
1864 610 2042 675 varia
2084 616 2227 674 tra-

325 740 376 778 10
397 716 650 778 duntur.
753 715 1042 778 maxime
1109 717 1445 799 vulgatum
1508 715 2006 798 quingentorum
2069 734 2227 798 spa-

393 819 586 882 tium:
654 825 803 882 sunt
861 819 972 902 qui
1030 819 1418 883 adseverent
1474 819 1651 883 mille
1712 817 2229 902 quadringentos

393 923 733 1006 sexaginta
775 943 973 986 unum
1019 923 1270 988 interici
1307 922 1681 1006 prioresque
1728 921 1890 985 alios
1935 935 2068 985 tres
2098 920 2225 985 Se·-

395 1025 611 1090 soside
645 1026 942 1109 primum,
989 1035 1139 1110 post
1168 1024 1481 1088 Amaside
1523 1022 2018 1104 dominantibus,
2066 1023 2227 1088 dein

394 1129 794 1209 Ptolemae0‚
842 1130 953 1213 qui
1001 1149 1085 1192 ex
1115 1128 1583 1193 Macedonibus
1628 1129 1857 1192 tertius
1901 1128 2271 1211 regnavim

327 1256 376 1294 15
396 1235 462 1298 in
519 1234 845 1297 civitatem
909 1233 1011 1296 cui
1073 1231 1444 1317 Heliopolis
1510 1251 1750 1296 nomen
1810 1231 2223 1297 advolavisse

395 1339 597 1402 multo
634 1347 989 1402 ceterarum
1015 1337 1352 1401 volucrum
1385 1337 1692 1402 comitatu
1722 1357 1958 1400 novam
1988 1335 2225 1400 faciem

397 1443 784 1507 mirantium.
859 1441 975 1506 sed
1019 1441 1364 1525 antiquitas
1394 1439 1658 1524 quidem
1692 1439 2002 1503 obscura:
2048 1439 2223 1502 inter

395 1545 844 1608 Ptolemaeum
887 1564 961 1608 ac
991 1543 1321 1609 Tiberium
1358 1545 1566 1608 minus
1612 1543 1874 1608 ducenti
1906 1543 2221 1628 quinqua-

398 1649 576 1733 ginta
620 1649 770 1711 anni
813 1647 1086 1712 fuerunt.
1173 1648 1347 1712 unde
1394 1669 1527 1718 non
1568 1648 1730 1713 nulli
1773 1646 2004 1712 falsum
2049 1647 2223 1710 hunc

327 1775 379 1811 20
400 1751 780 1837 phoenicem
812 1771 1023 1835 neque
1054 1752 1345 1816 Arabum
1377 1771 1413 1815 e
1445 1751 1630 1816 terris
1660 1750 1999 1814 credidere
2027 1749 2222 1814 nihil-

402 1876 528 1940 que
572 1856 981 1940 usurpavisse
1029 1876 1113 1920 ex
1157 1857 1267 1936 iis,
1320 1877 1485 1939 quae
1530 1862 1715 1920 vetus
1760 1856 2073 1920 memoria
2116 1853 2223 1916 fir-

404 1960 620 2025 mavit.
711 1960 1003 2024 confecto
1065 1960 1303 2043 quippe
1366 1981 1681 2025 annorum
1739 1980 2046 2042 numer0‚
2109 1959 2224 2023 ubi

404 2085 578 2129 mors
635 2064 1057 2150 propinquet,
1115 2064 1247 2127 suis
1305 2063 1373 2125 in
1432 2065 1617 2128 terris
1674 2070 1921 2127 struere
1976 2062 2222 2145 nidum,

405 2169 472 2233 in
506 2187 632 2252 quo
661 2167 861 2231 fetum
895 2168 1078 2247 oriri;
1126 2175 1193 2249 et
1223 2168 1497 2251 primam
1531 2167 1751 2232 adulto
1785 2188 2004 2232 curam
2034 2187 2222 2251 sepe-

334 2294 386 2331 25
402 2270 604 2335 liendi
648 2270 846 2356 patris
890 2290 1100 2353 neque
1148 2269 1216 2332 id
1262 2278 1507 2333 temere
1539 2268 1657 2333 sed
1688 2270 1940 2334 sublato
1972 2289 2225 2333 murrae

406 2376 692 2459 pondere
749 2381 1193 2458 temptatoque
1242 2394 1358 2458 per
1402 2374 1668 2458 longum
1726 2375 1879 2457 iter,
1940 2374 2050 2438 ubi
2107 2392 2227 2457 par

408 2484 620 2566 oneri,
680 2504 794 2567 par
837 2484 1110 2565 meatui,
1171 2482 1383 2546 subire
1428 2483 1707 2567 patrium
1754 2503 1987 2568 corpus
2030 2483 2225 2567 inque

406 2590 576 2655 Solis
621 2608 798 2654 aram
842 2588 1126 2671 perferre
1171 2594 1363 2672 atque
1412 2587 1697 2653 adolere.
1777 2588 1937 2651 haec
1981 2588 2228 2652 incerta

407 2699 473 2757 et
516 2691 824 2757 fabulosis
869 2698 1088 2756 aucta:
1153 2699 1441 2756 ceterum
1500 2691 1699 2775 aspici
1754 2690 2097 2776 aliquando
2155 2690 2229 2755 in

334 2810 386 2850 ³⁰
405 2797 713 2882 Aegypto
761 2818 907 2860 eam
951 2797 1282 2861 volucrem
1327 2818 1458 2862 non
1504 2797 1871 2879 ambigitur.

537 2902 640 2964 29.
717 2900 810 2963 At
875 2900 1124 2965 Romae
1191 2900 1391 2964 caede
1461 2902 1765 2967 continua
1824 2900 2229 2985 Pomponius

407 3005 649 3088 Labe0‚
696 3024 887 3088 quem
933 3004 1289 3087 praefuisse
1332 3005 1621 3069 Moesiae
1666 3005 1905 3086 rettuli,
1951 3024 2068 3088 per
2114 3004 2228 3068 ab·

407 3118 628 3195 ruptas
674 3130 872 3175 venas
917 3108 1299 3191 sanguinem
1346 3109 1605 3192 effudit3
1652 3110 2097 3193 aemulataque
2130 3120 2232 3175 est

410 3216 690 3279 coniunx
720 3213 1001 3277 Paxaea.
1063 3234 1214 3276 nam
1244 3221 1578 3298 promptas
1610 3214 1746 3279 eius
1776 3212 1955 3277 modi
1986 3220 2231 3277 mortes

366 3337 392 3372 6
412 3326 620 3381 metus
681 3316 990 3380 carnificis
1048 3316 1325 3381 faciebat
1381 3326 1447 3381 et
1492 3318 1641 3402 quia
1686 3317 1973 3381 damnati
2015 3318 2231 3401 publi-

415 3421 570 3483 catis
616 3421 802 3484 bonis
849 3421 1179 3504 sepultura
1219 3421 1757 3504 prohibebantur,
1806 3442 2060 3505 eorum,
2124 3426 2235 3508 qui
