2467 3900
673 229 748 268 AB
773 227 1028 268 Excusso
1055 227 1184 266 DIVI
1211 224 1470 266 AUGUSTI
1496 225 1544 264 Π
1568 223 1739 265 24—27.
2045 216 2115 276 73

287 387 559 453 dubium
603 380 961 451 habebatur
1006 385 1225 450 labare
1271 386 1493 478 hostes
1524 385 1973 469 petendaeque
2005 397 2159 469 pa-⁵

289 493 383 585 cis
429 491 696 556 consilia
739 510 993 554 sumere
1024 495 1113 572 et,
1159 490 1216 553 si
1258 490 1557 575 proxima
1588 495 1801 554 aestas
1830 490 2120 555 adicere-

287 605 425 680 tur,
483 615 678 681 posse
734 595 980 660 bellum
1023 595 1287 679 patrari.
1378 594 1495 660 sed
1542 595 1783 661 crebris
1828 595 2119 680 epistulis

285 699 586 766 Tiberius
619 698 928 764 monebat
956 699 1200 764 rediret
1230 698 1316 763 ad
1336 698 1668 764 decretum
1687 701 2118 784 triumphum:

289 804 446 870 satis
488 805 620 868 iam
665 811 1048 898 eventuum,
1095 803 1248 868 satis
1296 824 1581 868 casuum.
1666 825 1983 890 prospera
2025 803 2120 868 illi

289 915 359 974 et
387 929 623 992 magna
654 908 936 994 proelia:
971 928 1197 972 eorum
1225 929 1483 992 quoqu-e
1504 908 1923 991 meminisset,
1956 929 2118 993 quae
2139 914 2189 954 1⁰

285 1013 468 1079 venti
513 1020 580 1078 et
629 1013 860 1076 fluctus
905 1012 1083 1076 nulla
1128 1011 1307 1077 ducis
1354 1013 1575 1096 culpa,
1636 1011 1861 1094 gravia
1902 1016 2117 1076 tamen

287 1123 359 1182 et
418 1137 613 1186 saeva
651 1115 908 1180 'damna
963 1115 1369 1198 intulissent.
1440 1135 1512 1180 se
1568 1115 1840 1181 noviens
1885 1137 1925 1180 a
1968 1115 2118 1180 divo

285 1221 586 1306 Augusto
652 1221 724 1286 in
788 1220 1204 1285 Germaniam
1264 1220 1535 1284 missum
1599 1220 1787 1305 plura
1851 1220 2118 1286 consilio

288 1348 486 1411 quam
527 1325 594 1391 vi
625 1326 1000 1410 perfecisse.
1075 1325 1166 1389 sic
1195 1323 1591 1407 Sugambros
1618 1325 1689 1388 in
1722 1323 2119 1389 deditionem

288 1437 614 1517 acceptos,
659 1431 752 1496 sic
782 1430 1034 1495 Suebos
1072 1449 1424 1514 regemque
1457 1429 1931 1494 Maroboduum
1958 1449 2119 1513 pace
2136 1431 2189 1471 1⁵

291 1534 692 1600 obstrictum.
764 1553 959 1619 posse
1005 1539 1073 1600 et
1105 1533 1469 1598 Cheruscos
1502 1519 1879 1618 ceterasque
1909 1533 2119 1598 rebel-

286 1639 447 1702 lium
477 1642 726 1721 gentes,
773 1637 1079 1722 quoniam
1104 1637 1442 1703 Romanae
1472 1637 1705 1702 ultioni
1737 1637 2121 1718 consultum,

287 1741 558 1806 internis
604 1741 941 1807 discordiis
985 1741 1284 1825 relinqui.
1372 1747 1682 1825 precante
1731 1740 2118 1806 Germanico

289 1867 530 1914 annum
585 1845 936 1910 efficiendis
983 1845 1229 1929 coeptis
1248 1895 1264 1928 ,
1324 1844 1532 1910 acrius
1576 1845 1961 1911 modestiam
2006 1845 2119 1910 ad-

289 1950 584 2036 greditur
615 1948 890 2014 alterum
921 1951 1328 2015 consulatum
1362 1950 1719 2034 offerendO,
1766 1952 1947 2015 cuius
1979 1972 2117 2014 mu·
2138 1967 2191 2005 20

287 2056 398 2120 nia
451 2074 759 2140 praesens
821 2053 1050 2121 obiret.
1141 2054 1333 2119 simul
1378 2054 1795 2138 adnectebat,
1854 2054 1910 2118 si
1951 2054 2123 2118 foret

289 2160 510 2225 adhuc
569 2158 940 2223 bellandum
960 2208 978 2241 ,
1057 2159 1455 2243 relinqueret
1528 2160 1865 2224 materiem
1922 2158 2122 2224 Drusi

287 2264 500 2328 fratris
546 2262 814 2347 gloriae,
863 2262 974 2347 qui
1015 2263 1195 2342 nullo
1243 2269 1381 2328 tum
1424 2264 1553 2328 alio
1598 2265 1788 2329 hoste
1834 2286 1968 2330 non
1997 2264 2123 2329 nisi

291 2367 463 2453 apud
499 2367 877 2433 Germanias
923 2366 1192 2452 adsequi
1238 2390 1478 2433 nomen
1520 2368 2011 2453 imperatorium
2056 2376 2122 2434 et

290 2472 636 2556 deportare
690 2473 978 2536 lauream
1023 2477 1267 2557 posset.
1355 2472 1529 2537 haud
1578 2479 1910 2538 cunctatus
1953 2474 2123 2538 ultra
2138 2486 2190 2525 2⁵

293 2576 750 2659 GermanicuS,
799 2596 1185 2661 quamquam
1225 2576 1382 2661 fingi
1429 2598 1508 2641 ea
1552 2598 1751 2661 seque
1796 2598 1915 2662 per
1957 2577 2119 2642 invi-

290 2680 462 2745 diam
506 2684 690 2764 parto
735 2679 866 2743 iam
912 2678 1132 2743 decori
1177 2679 1463 2743 abstrahi
1505 2679 1936 2765 intellegeret.

419 2786 524 2848 27.
590 2782 721 2848 Sub
767 2782 946 2848 idem
989 2788 1247 2869 tempus
1294 2804 1332 2847 e
1372 2782 1611 2847 familia
1643 2784 2123 2851 Scriboniorum

285 2888 451 2954 Libo
495 2888 751 2953 Drusus
814 2887 1103 2952 defertur
1157 2887 1371 2952 moliri
1412 2908 1520 2951 res
1564 2910 1787 2953 novas.
1874 2890 2123 2973 negotii

284 2994 544 3059 initium
605 2992 900 3058 ordinem
970 2992 1167 3056 finem
1228 2992 1509 3057 curatius
1570 2992 1910 3076 disseram,
1971 2993 2123 3077 quia

256 3106 424 3163 «tum
473 3097 764 3183 „primum
828 3100 1091 3181 reperta
1152 3118 1317 3181 quae
1375 3119 1498 3183 >per
1549 3102 1663 3163 »tot
1698 3118 1923 3162 annos
1984 3118 2120 3161 rem

282 3201 611 3287 publicam
675 3199 978 3265 exedere.
1081 3200 1359 3265 Firmius
1424 3200 1622 3266 Catus
1685 3208 1971 3284 senator,
2038 3216 2163 3265 ex⁵

284 3306 510 3371 intima
551 3304 818 3370 Libonis
877 3304 1188 3387 amicitia,
1250 3306 1553 3371 iuvenem
1598 3304 2009 3390 inprovidum
2056 3310 2121 3368 et

283 3412 542 3477 facilem
571 3410 868 3476 inanibus
899 3408 984 3473 ad
1017 3408 1497 3475 Chaldaeorum
1526 3409 1862 3495 promissa,
1892 3430 2116 3501 mago-

399 3525 639 3565 Cornelius
665 3526 870 3565 Tacitus.
903 3524 938 3562 1.
1774 3514 1805 3564 5
