2467 3900
706 227 780 266 AB
808 226 1060 266 Exonssn
1087 227 1217 267 DIVI
1244 227 1499 268 AUGUSTI
1526 229 1549 266 1
1576 228 1732 268 63-65
2054 224 2126 280 47

300 385 563 450 vallium
627 407 702 449 ac
759 386 1131 450 resultantis
1195 387 1396 451 saltus
1458 389 1890 472 complerent,
1954 391 2127 476 apud

302 490 632 554 Romanos
677 490 944 555 invalidi
983 491 1192 576 ignes,
1240 491 1635 576 interruptae
1673 515 1887 576 voces,
1934 502 2127 578 atque

300 597 423 680 ipsi
468 596 711 680 passim
758 593 1131 659 adiacerent
1159 595 1353 676 va110,
1402 596 1777 662 oberrarent
1813 600 2171 683 tentoriis,5

298 701 625 764 insomnes
669 700 878 781 magis
909 718 1100 784 quam
1147 699 1514 783 pervigiles.
1607 701 1967 787 ducemque
2001 711 2128 768 ter-

298 805 428 868 ruit
475 803 614 868 dira
659 803 876 887 quies:
923 824 1070 866 nam
1113 803 1491 877 Quintilium
1523 805 1770 870 Varum
1817 810 2127 891 sanguine

171 963 184 972 .
240 955 244 960 .
301 908 572 972 oblitum
623 912 688 971 et
734 904 1076 991 paludibus
1109 927 1431 970 emersum
1479 929 1745 974 cernere
1792 917 1859 975 et
1905 909 2127 976 audire

299 1012 476 1076 visus
521 1017 622 1074 est
664 1010 843 1075 velut
887 1017 1258 1092 vocantem,
1317 1033 1448 1074 non
1508 1020 1725 1078 tamen
1783 1017 2129 1080 obsecutus

301 1124 368 1180 et
413 1136 675 1184 manum
705 1112 1028 1178 tendentis
1066 1116 1447 1200 reppulisse.
1526 1125 1759 1203 coepta
1802 1121 1946 1184 luce
1977 1121 2199 1185 mis-10

299 1243 410 1285 sae
441 1221 510 1284 in
540 1221 745 1285 latera
775 1220 1087 1302 legiones,
1121 1226 1300 1283 metu
1331 1242 1413 1284 an
1446 1225 1868 1308 contumacia,
1914 1226 2129 1288 locum

301 1328 690 1406 deseruere,
769 1329 953 1408 capto
1018 1345 1222 1410 prope
1290 1346 1512 1408 campo
1585 1328 1869 1391 umentia
1937 1329 2128 1392 ultra.

299 1452 514 1517 neque
560 1436 778 1496 tamen
821 1430 1150 1494 Arminius
1189 1451 1574 1515 quamquam
1618 1431 1821 1496 libero
1869 1433 2129 1498 incursu

301 1538 520 1602 statim
565 1535 888 1620 prorupit:
955 1533 1070 1598 sed
1116 1540 1188 1597 ut
1246 1535 1514 1599 haesere
1564 1557 1763 1600 caeno
1811 1537 2128 1621 fossisque

298 1641 779 1727 impedimenta,
823 1640 1064 1703 turbati
1096 1640 1337 1703 circum
1380 1635 1640 1723 milites,
1685 1640 1971 1705 incertus
2004 1641 2130 1725 sig·
2148 1669 2199 1709 15

300 1770 532 1813 norum
578 1747 772 1830 ord0,
835 1753 1034 1830 utque
1080 1747 1196 1810 tali
1242 1747 1309 1810 in
1354 1753 1649 1830 tempore
1696 1748 1818 1811 sibi
1862 1748 2127 1832 quisque

300 1873 617 1938 properus
665 1859 730 1916 et
784 1851 1000 1914 lentae
1048 1850 1391 1915 adversum
1447 1851 1721 1934 imperia
1767 1873 1983 1933 aureS,
2030 1853 2127 1916 in-

298 1979 605 2043 rumpere
655 1956 1014 2022 Germanos
1073 1956 1285 2039 iubet,
1350 1956 1681 2020 clamitans
1749 1978 1851 2039 ,en
1896 1958 2131 2033 Varus,

300 2083 386 2127 en
432 2061 664 2125 eodem
725 2061 961 2125 iterum
1017 2060 1151 2123 fato
1211 2060 1466 2125 vinctae
1525 2060 1875 2143 legioneSI‘
1939 2063 2129 2126 simul

297 2166 463 2229 haec
526 2171 592 2228 et
656 2186 801 2229 cum
866 2163 1135 2228 delectis
1214 2164 1447 2229 scindit
1508 2186 1741 2248 agmen
1822 2166 2127 2250 equisque
2148 2189 2198 2228 20

299 2270 583 2335 maxime
646 2270 914 2333 vulnera
982 2270 1237 2353 ingerit.
1345 2269 1439 2332 illi
1508 2270 1815 2353 sanguine
1881 2290 1997 2333 suo
2065 2275 2129 2333 et

297 2373 546 2437 lubrico
630 2371 938 2457 paludum
1014 2372 1340 2455 lapsantes
1412 2374 1699 2436 excussis
1775 2374 2127 2437 rectoribus

301 2477 575 2541 disicere
649 2476 908 2557 obvios,
983 2480 1321 2560 proterere
1400 2474 1705 2540 iacentes.
1818 2476 2128 2561 plurimus

301 2570 470 2647 circa
515 2580 760 2665 aquilas
803 2580 1022 2661 labor,
1081 2599 1247 2662 quae
1291 2599 1505 2663 neque
1551 2579 1717 2644 ferre
1765 2580 2131 2663 ingruentia

300 2687 432 2751 tela
477 2707 686 2770 neque
732 2686 844 2770 figi
905 2685 1135 2748 limosa
1179 2683 1373 2748 humo
1436 2690 1755 2768 poterant.
1851 2685 2130 2750 Caecina
2151 2714 2201 2754 26

303 2791 456 2855 dum
501 2796 816 2854 sustentat
848 2789 1073 2871 aciem,
1123 2787 1399 2852 suffosso
1449 2810 1615 2872 equo
1658 2790 1960 2875 delapsus
2009 2792 2127 2855 cir-

300 2895 860 2975 cumveniebatur,
917 2894 983 2958 ni
1028 2893 1239 2978 prima
1281 2892 1457 2976 legio
1507 2915 1647 2959 sese
1700 2896 2128 2979 opposuisset.

298 2999 464 3063 iuvit
506 2998 790 3063 hostium
823 2998 1094 3062 aviditas
1135 2999 1373 3062 omissa
1404 2999 1601 3064 caede
1650 3000 1956 3084 praedam
1989 3021 2127 3063 sec-

301 3104 608 3183 tantium,
658 3103 1003 3187 enisaeque
1050 3102 1346 3186 legiones
1376 3109 1881 3187 vesperascente·
1911 3103 2014 3167 die
2061 3105 2127 3166 in
2230 3180 2234 3185 ·

301 3212 530 3291 aperta
604 3212 670 3270 et
734 3205 960 3270 solida.
1071 3227 1284 3292 neque
1359 3207 1414 3270 is
1489 3207 1889 3272 miseriarum
1963 3207 2126 3271 finis.
2146 3233 2198 3272 30

303 3309 681 3375 struendum
713 3310 970 3392 vallum,
1019 3311 1341 3394 petendus
1372 3331 1593 3393 agger,
1628 3311 1860 3376 amissa
1895 3332 2129 3394 magna

305 3434 392 3478 ex
436 3422 618 3499 parte
665 3435 781 3498 per
827 3434 990 3497 quae
1040 3416 1325 3498 egeritur
1369 3414 1601 3479 humus
1654 3420 1765 3478 aut
1810 3416 2129 3481 exciditur
