2467 3900
649 209 726 248 AB
753 209 1003 250 Excusso
1031 210 1160 250 n1v1
1184 211 1441 251 AUGUSTI
1468 212 1514 250 11
1542 211 1711 250 14-11.
2026 207 2099 263 67

267 391 677 437 remorumve
703 371 1076 436 subsidium.
1123 373 1563 437 meminissent
1582 371 1777 436 modo
1800 371 2103 436 avaritiae

274 475 671 542 crudelitatis
730 477 1103 561 superbiae:
1165 477 1341 541 aliud
1388 477 1509 541 sibi
1530 477 1871 560 'reliquum
1915 496 2105 560 quam

274 585 500 644 tenere
545 579 910 644 libertatem
954 586 1066 644 aut
1107 580 1272 644 mori
1317 586 1465 645 ante
1513 579 1887 645 servitium?

414 683 511 746 16.
582 683 686 748 Sic
753 703 1058 748 accensos
1129 690 1194 747 et
1254 684 1575 768 proelium
1637 689 1980 768 poscentes
2040 684 2107 748 in

279 807 592 871 campum,
640 787 742 849 cui
771 786 1110 851 Idisiaviso
1158 809 1413 870 nomen,
1465 789 1808 853 deducunt.
1876 790 1931 852 is
1974 811 2108 853 me-

279 889 423 953 dius
481 891 650 954 inter
692 888 1020 974 Visurgim
1081 897 1146 956 et
1205 893 1435 974 colles,
1493 898 1565 956 ut
1612 893 1789 977 ripae
1833 895 2108 958 fluminis

279 995 519 1060 cedunt
564 1002 675 1059 aut
717 996 1149 1080 prominentia
1190 997 1506 1060 montium
1548 997 1882 1078 resistunt,
1929 999 2106 1063 inae-

280 1100 555 1184 qualiter
602 1099 906 1164 sinuatur.
993 1123 1164 1185 pone
1210 1108 1466 1184 tergum
1508 1101 1884 1185 insurgebat
1929 1103 2107 1185 silva,
2128 1128 2153 1166 6

280 1204 473 1269 editis
516 1204 583 1268 in
630 1204 828 1268 altum
873 1204 1063 1268 ramis
1112 1210 1176 1268 et
1219 1226 1381 1290 pura
1424 1205 1641 1270 humo.
1719 1228 2015 1292 campum
2046 1211 2111 1270 et

279 1309 490 1394 prima
545 1308 849 1373 silvarum
901 1310 1177 1374 barbara
1234 1311 1406 1374 acies
1464 1310 1703 1373 tenuit:
1768 1311 1889 1375 soli
1939 1309 2107 1375 Che-

278 1415 454 1480 rusci
519 1414 670 1499 iuga
736 1414 1063 1498 insedere,
1130 1419 1203 1478 ut
1272 1414 1737 1499 proeliantibus
1798 1413 2109 1478 Romanis

284 1517 567 1602 desuper
620 1517 1039 1581 incurrerent.
1128 1524 1350 1582 noster
1403 1518 1722 1583 exercitus
1767 1518 1857 1582 sic
1900 1519 2109 1582 inces-

282 1622 398 1685 sit:
460 1621 803 1685 auxiliares
853 1619 1024 1684 Galli
1073 1621 1506 1706 Germanique
1552 1623 1619 1686 in
1663 1621 1907 1705 fronte,
1964 1628 2112 1708 post
2133 1645 2182 1684 10

283 1745 448 1810 quos
510 1725 762 1808 pedites
827 1724 1172 1808 sagittarii3
1247 1725 1396 1789 dein
1459 1732 1760 1808 quattuor
1821 1727 2112 1809 legiones

286 1836 355 1894 et
413 1849 554 1893 cum
613 1828 860 1893 duabus
918 1828 1259 1913 praetoriis
1316 1829 1688 1893 cohortibus
1735 1850 1810 1892 ac
1857 1829 2111 1893 delecto

285 1935 506 2021 equite
573 1933 844 2015 Caesar3
911 1934 1063 1997 exin
1125 1933 1397 1999 totidem
1461 1933 1625 1997 aliae
1686 1932 1984 2015 legiones
2048 1938 2113 1997 et

282 2040 449 2105 levis
509 2043 828 2103 armatura
884 2059 1029 2102 cum
1084 2039 1301 2122 equite
1349 2037 1679 2120 sagittario
1730 2043 2113 2122 ceteraeque

287 2144 612 2208 sociorum
658 2143 977 2207 cohortes.
1050 2142 1333 2206 intentus
1377 2148 1765 2227 paratusque
1796 2140 2000 2225 mileS‚
2044 2145 2117 2205 ut
2137 2163 2188 2202 15

291 2247 451 2311 ordo
500 2247 768 2331 agminis
813 2246 881 2309 in
927 2247 1133 2311 aciem
1179 2248 1541 2312 adsisteret.

426 2351 525 2413 17.
570 2350 744 2415 Visis
781 2350 1251 2415 Cheruscorum
1281 2352 1571 2433 caterviS,
1608 2372 1771 2436 quae
1804 2374 1921 2437 per
1951 2352 2119 2416 fero-

293 2457 455 2521 ciam
497 2460 943 2541 proruperant,
989 2455 1415 2519 validissimos
1465 2456 1751 2540 equitum
1792 2456 2117 2521 incurrere

289 2564 492 2644 latus,
539 2560 914 2627 Stertinium
960 2581 1104 2624 cum
1149 2560 1382 2624 ceteris
1427 2560 1648 2624 turmis
1696 2559 2122 2643 circumgredi

291 2672 603 2749 tergaque
627 2662 933 2729 invadere
959 2664 1157 2747 iubet,
1188 2664 1329 2749 ipse
1352 2664 1419 2727 in
1443 2668 1734 2748 tempore
1764 2662 2120 2727 adfuturuS.

293 2772 544 2836 interea
560 2770 1060 2855 pulcherrimum
1076 2769 1433 2852 augurium,
1457 2772 1603 2832 octo
1626 2768 1876 2851 aquilae
1897 2774 2120 2852 petere
2140 2796 2164 2833 5

297 2874 490 2941 silvas
524 2882 590 2939 et
619 2875 860 2939 intrare
890 2874 1065 2937 visae
1097 2874 1553 2959 imperatorem
1586 2872 1944 2937 advertere.
2006 2894 2121 2936 ex-

299 2976 528 3043 clamat
571 2980 758 3059 irent,
806 2984 1227 3062 sequerentur
1270 2976 1597 3040 Romanas
1644 2997 1817 3059 aves,
1863 2976 2125 3061 propria

294 3082 628 3165 legionum
670 3082 948 3144 numina.
1039 3080 1228 3143 simul
1272 3081 1591 3165 pedestris
1638 3081 1807 3144 acies
1852 3080 2124 3144 infertur

301 3192 367 3251 et
409 3184 794 3269 praemissus
842 3203 1038 3267 eques
1082 3192 1446 3268 postremos
1492 3205 1565 3249 ac
1608 3184 1813 3247 latera
1851 3183 2123 3268 impulit.

300 3289 659 3372 mirumque
693 3287 888 3370 dictu,
922 3286 1050 3350 duo
1083 3285 1366 3352 hostium
1397 3287 1654 3371 agmina
1676 3286 1929 3350 diversa
1951 3286 2123 3371 fuga,
2145 3312 2195 3351 ιο

302 3393 411 3478 qui
455 3393 680 3456 silvam
727 3395 1099 3471 tenuerant,
1159 3391 1224 3453 in
1274 3396 1525 3476 aperta,
1574 3390 1681 3475 qui
1728 3390 1965 3474 campis
2010 3391 2123 3456 ad-
