2467 3900
332 184 407 242 86
994 186 1274 228 connnnn
1300 185 1498 227 norm

328 345 919 432 praetendebantur
936 345 1250 410 auxilium
1263 342 1575 417 adversus
1591 342 1959 409 Cheruscos
1975 364 2173 408 oran·-

328 457 455 535 tes3
484 473 635 516 nam
667 450 955 516 discessu
982 448 1426 514 Romanorum
1454 448 1642 513 vacui
1675 452 1951 512 externo
1985 451 2174 513 metu

329 557 541 641 gentis
566 556 993 621 adsuetudine
1016 562 1084 620 et
1108 560 1248 620 tum
1270 553 1700 619 aemulatione
1718 553 1970 637 gloriae
1989 573 2176 618 arma

329 661 397 725 in
432 681 523 724 se
569 664 916 726 verterant.
1004 658 1103 723 vis
1147 658 1512 743 nationum,
1567 658 1772 725 virtus
1815 659 2054 725 ducum
2102 659 2173 725 in

260 779 312 820 10
330 784 570 848 aequ03
602 768 702 828 s'et
725 762 1203 830 Maroboduum
1223 763 1398 849 regis
1423 785 1662 830 nomen
1687 764 1964 829 invisum
1989 763 2174 850 apud

330 869 697 954 populares,
731 867 1093 934 Arminium
1120 888 1240 954 pro
1273 868 1572 935 libertate
1602 868 1953 934 bellantem
1981 870 2175 936 favor

330 972 629 1038 habebat.
756 1026 759 1030 .
1865 987 1876 1000 ·

459 1077 821 1162 45.·Igitur
864 1101 995 1144 non
1024 1079 1221 1145 modo
1258 1077 1568 1143 Cherusci
1599 1079 1884 1164 sociique
1918 1099 2174 1159 eorum,

330 1189 517 1248 vetus
572 1181 849 1249 Arminii
918 1184 1136 1267 miles,
1214 1203 1546 1268 sumpsere
1603 1183 1874 1267 bellum,
1949 1183 2067 1248 sed
2132 1203 2173 1247 e

329 1308 529 1372 regno
581 1287 775 1352 etiam
803 1287 1189 1370 Marobodui
1220 1287 1475 1354 Suebae
1508 1292 1758 1373 gentes,
1803 1287 2174 1352 Semnones

330 1411 407 1456 ac
448 1389 885 1475 Langobardi,
932 1391 1229 1457 defecere
1277 1391 1360 1455 ad
1407 1411 1576 1456 eum.
1652 1391 1878 1476 quibus
1923 1390 2174 1456 additis

291 1495 797 1581 spraepollebat,
843 1495 909 1560 ni
939 1495 1392 1580 Inguiomerus
1435 1516 1578 1559 cum
1608 1516 1802 1560 manu
1832 1494 2172 1560 clientium

333 1598 418 1665 ad
447 1598 922 1666 Maroboduum
951 1599 1360 1685 perfugisset,
1404 1620 1538 1665 non
1567 1599 1760 1664 aliam
1792 1600 1875 1665 ob
1905 1619 2171 1664 causam

336 1724 523 1788 quam
570 1705 720 1789 quia
747 1705 957 1770 fratris
986 1704 1117 1769 filio
1152 1704 1373 1770 iuveni
1401 1710 1670 1789 patruus
1700 1724 1904 1770 senex
1932 1723 2170 1789 parcre

336 1806 825 1892 dedignabatur.
890 1809 1274 1893 deriguntur
1303 1807 1494 1891 acies,
1524 1808 1664 1893 pari
1693 1809 2014 1893 utrimque
2049 1827 2170 1893 spe

333 1933 473 1996 nec,
518 1918 589 1978 ut
634 1913 787 1981 olim
818 1913 993 2001 apud
1025 1911 1408 1997 Germanos,
1451 1912 1634 1999 vagis
1664 1912 2024 1979 incursibus
2054 1917 2171 1977 aut

268 2036 319 2076 10
336 2017 631 2085 disiectas
660 2040 781 2104 per
811 2025 1131 2084 catervas:
1180 2018 1418 2103 quippe
1447 2018 1646 2101 longa
1673 2016 2016 2083 adversum
2044 2038 2168 2082 nos

331 2124 557 2188 militia
607 2124 1021 2189 insueverant
1064 2123 1248 2207 sequi
1293 2122 1476 2206 signa
1489 2171 1506 2205 ,
1567 2120 1866 2186 subsidiis
1908 2120 2165 2203 firmari,

336 2227 507 2292 dicta
562 2228 1024 2314 imperatorum
1083 2226 1396 2313 accipere.
1487 2246 1561 2289 ac
1617 2232 1770 2290 tunc
1813 2222 2165 2303 Arminius,

335 2352 503 2415 equo
550 2330 825 2397 lustrans
868 2337 943 2396 ut
977 2352 1268 2417 quosque
1289 2329 1606 2395 advectus
1637 2334 1794 2412 erat,
1841 2327 2164 2413 recipera-

333 2440 465 2499 tam
506 2435 901 2517 libertatem‚
945 2435 1295 2500 trucidatas
1339 2435 1653 2521 legiones,
1699 2432 1908 2518 spolia
1952 2430 2165 2498 adhuc

267 2562 319 2601 ιε
336 2544 401 2603 et
457 2539 589 2604 tela
643 2538 955 2606 Romanis
1016 2541 1286 2625 derepta
1344 2538 1411 2602 in
1465 2538 1758 2603 manibus
1815 2537 2164 2602 multorum

336 2643 717 2726 ostentabat,
748 2644 1046 2728 fugacem
1074 2642 1552 2707 Maroboduum
1583 2641 1936 2727 appellans,
1969 2660 2161 2726 proe-

332 2746 569 2811 liorum
613 2756 952 2833 expertem
984 2748 1380 2833 (Hercyniae
1426 2746 1688 2812 latebris
1721 2746 2057 2812 defensum
2089 2766 2162 2811 ac

332 2871 489 2914 mox
549 2871 667 2936 per
708 2852 903 2917 dona
967 2856 1033 2917 et
1087 2852 1452 2934 legationes
1513 2849 1822 2935 petivisse
1881 2846 2160 2933 foedus),

334 2953 1017 3042 proditorem-patriae,
1047 2955 1389 3020 satellitem
1415 2952 1730 3036 Caesaris,
1753 2953 1932 3019 haud
1951 2953 2161 3017 minus

265 3057 598 3123 aoinfensis
644 3059 872 3123 animis
906 3058 1396 3125 exturbandum
1440 3079 1632 3143 quam
1674 3057 1923 3123 Varum
1959 3056 2160 3131 Quin-

334 3162 543 3227 tilium
569 3163 1029 3228 interfecerint.
1092 3164 1531 3229 meminissent
1559 3162 1788 3227 modo:
1825 3167 1965 3228 toto
1996 3168 2161 3226 tem-

335 3287 495 3350 pore
543 3274 611 3331 et
654 3268 739 3332 ad
783 3272 1181 3353 postremum
1229 3267 1455 3333 eiectis
1482 3266 1797 3332 Romanis
1828 3266 1980 3331 satis
2010 3286 2160 3350 pro-

339 3369 559 3435 batum
605 3391 812 3455 penes
858 3377 1039 3436 utros
1084 3393 1331 3437 summa
1374 3372 1552 3438 belli·
1572 3372 1786 3437 fuerit.
