2467 3900
402 305 422 334 ς
651 258 726 298 AB
752 258 1004 299 Exonssu
1031 247 1161 298 mvl
1187 257 1441 298 Aneus'm
1467 257 1490 296 1
1517 257 1687 296 21-24.
2001 251 2074 306 19

242 425 463 483 tamen
510 439 584 483 ac
640 417 1039 504 praefectum
1098 422 1455 482 castrorum
1502 423 1871 481 extrusero:
1940 437 2075 480 sar-

247 522 430 587 cinae
487 523 870 606 fugientium
915 522 1228 607 direptae.
1327 526 1392 585 et
1450 520 1739 585 centurio
1788 519 2073 585 Lucilius

247 626 624 692 interficitur
644 676 660 709 ,
739 627 842 692 cui
899 625 1297 690 militaribus
1375 624 1625 689 facetiis
1686 625 2074 689 vocabulum

201 783 209 790 .
249 730 436 813 ,cedo
470 728 758 795 alteram‘
790 727 1182 811 indiderant,
1207 729 1362 813 quia
1389 729 1591 793 fracta
1622 730 1751 793 vite
1789 729 1857 793 in
1887 734 2073 814 tergo
2095 751 2147 792 ιε
2195 766 2201 772 ·
2236 741 2247 750 ·

250 834 471 899 militis
517 835 786 899 alteram
833 834 1004 898 clara
1030 853 1195 898 voce
1244 854 1319 898 ac
1364 854 1581 897 rursus
1622 835 1816 898 aliam
1845 854 2075 918 posce-

247 939 380 1004 bat.
471 944 726 1004 ceteros
783 938 1071 1003 latebrae
1116 944 1343 1002 texere
1366 985 1383 1020 ,
1443 957 1575 1030 uno
1622 943 1874 1003 retento
1927 937 2076 1002 Ole-

251 1048 469 1107 mente
533 1041 702 1108 Iulio
721 1092 737 1125 ,
798 1042 905 1127 qui
963 1040 1368 1127 perferendis
1425 1043 1700 1107 militum
1759 1042 2077 1107 mandatis

252 1146 613 1212 habebatur
640 1145 916 1211 idoneus
952 1145 1033 1212 ob
1070 1151 1447 1231 promptum
1490 1146 1843 1229 ingenium.
1920 1149 2077 1232 quin
2160 1201 2164 1206 .

249 1253 435 1336 ipsae
479 1249 646 1314 inter
693 1270 763 1314 se
812 1251 1106 1333 legiones
1155 1256 1383 1315 octava
1428 1255 1495 1314 et
1540 1251 1761 1335 quinta
1807 1249 2149 1316 decumam

248 1355 493 1419 ferrum
537 1355 878 1438 parabant,
945 1353 1098 1418 dum
1153 1356 1596 1420 centurionem
1643 1361 2073 1439 cognomento

249 1459 569 1543 Sirpicum
600 1455 713 1522 illa
740 1460 934 1524 morti
966 1458 1281 1544 deposcit,
1301 1459 1864 1544 quintadecumani
1895 1466 2077 1524 tuen-

249 1571 378 1645 tur,
421 1565 486 1628 ni
533 1565 719 1630 miles
754 1587 1045 1630 nonanus
1090 1585 1321 1651 preces
1369 1571 1434 1629 et
1478 1564 1820 1631 adversum
1858 1586 2075 1649 asper-

253 1668 470 1730 nantis
517 1668 722 1731 minas
768 1667 1211 1734 interieci'sset.

387 1771 490 1833 24.
557 1771 743 1837 Haec
823 1772 1044 1845 audita
1121 1793 1507 1858 quamquam
1581 1775 1946 1838 abstrusum
2013 1781 2078 1838 et

251 1876 618 1941 tristissima
650 1896 943 1962 quaeque
973 1875 1259 1941 maxime
1280 1876 1721 1942 occultantem
1750 1875 2077 1941 Tiberium

253 1984 600 2068 perpulere
631 1988 704 2046 ut
733 1982 1020 2047 Drusum
1065 1982 1268 2046 filium
1302 2003 1443 2047 cum
1488 1981 1875 2067 primoribus
1922 1981 2075 2045 civi-

254 2086 404 2151 tatis
470 2086 844 2171 duabus'que
926 2086 1266 2171 praetoriis
1328 2085 1699 2150 cohortibus
1774 2085 2077 2165 mitteret,

254 2190 448 2256 nullis
492 2190 646 2255 satis
706 2191 898 2255 certis
956 2191 1306 2255 mandatis:
1372 2210 1456 2255 ex
1499 2210 1572 2253 re
1618 2189 2075 2254 consulturum.
2097 2216 2124 2262 α

257 2302 321 2359 et
364 2295 664 2359 cohortes
699 2295 960 2360 delecto
1008 2295 1212 2360 milite
1245 2315 1437 2380 supra
1482 2295 1741 2359 solitum
1771 2294 2078 2360 firmatae.

256 2397 514 2462 additur
557 2418 795 2481 magna
838 2420 987 2483 pars
1033 2398 1425 2483 praetoriani
1458 2398 1690 2483 equitis
1736 2405 1801 2463 et
1844 2399 2080 2465 robora

261 2502 772 2584 Germanorum,
833 2502 941 2586 qui
1000 2508 1140 2565 tum
1186 2500 1487 2567 custodes
1545 2502 1920 2586 imperatori
1964 2502 2077 2566 ad-

257 2600 474 2687 erant3
517 2605 705 2669 simul
751 2606 1060 2691 praetorii
1105 2604 1471 2690 praefectus
1515 2604 1744 2669 Aelius
1791 2604 2081 2688 Seianus,

259 2710 514 2793 collega
567 2710 870 2775 Straboni
931 2709 1099 2795 patri
1160 2731 1277 2775 suo
1338 2708 1557 2791 datus,
1616 2730 1850 2795 magna
1906 2709 2079 2796 apud
2101 2731 2151 2770 ιο

259 2806 586 2877 Tiberium
650 2814 1033 2880 auctoritate
1053 2863 1070 2895 ,
1148 2819 1364 2878 rector
1440 2814 1657 2878 iuveni
1721 2819 1787 2878 et
1848 2815 2081 2879 ceteris

260 2916 694 3000 periculorum
759 2917 1323 3002 praemiorumque
1384 2922 1761 2983 ostentator.
1862 2919 2078 2984 Druso

258 3017 714 3107 propinquanti
761 3025 942 3106 quasi
987 3033 1118 3107 per·
1151 3022 1432 3086 officium
1479 3018 1709 3087 obviae
1746 3022 1936 3088 fuere
1984 3023 2078 3086 le-

257 3128 506 3211 giones,
551 3142 683 3190 non
725 3127 970 3208 laetae,
1015 3133 1086 3189 ut
1130 3124 1417 3208 adsolet,
1468 3145 1679 3209 neque
1724 3126 2081 3210 insignibus
2143 3136 2147 3141 '

255 3230 599 3313 fulgentes,
661 3230 780 3294 sed
835 3229 1077 3295 inluvie
1125 3230 1398 3295 deformi
1460 3237 1526 3295 et
1570 3232 1748 3295 vultu
1771 3279 1787 3312 ,
1856 3251 2153 3315 quam-15

258 3353 452 3417 quam
497 3333 883 3399 maestitiam
941 3334 1380 3417 imitarentur,
1443 3334 1883 3398 contumaciae
1929 3355 2081 3419 pro-

259 3457 521 3523 plores.r
