2467 3900
706 261 782 300 AB
810 263 1066 303 Exonssn
1092 264 1222 303 mvt
1249 265 1504 306 AUGUSTI
1529 266 1595 306 1v
1621 267 1792 306 49—51.
2036 263 2146 318 195

328 422 697 508 exemplum
746 423 1024 487 demisso
1071 425 1138 488 in
1184 430 1410 509 pectus
1455 426 1655 509 ferro3
1716 448 1837 492 nec
1884 425 2147 491 defuere
2164 447 2217 486 ιε

327 528 436 610 qui
494 527 728 592 eodem
785 528 981 594 modo
1045 535 1447 613 oppeterent.
1538 529 1798 594 Turesis
1842 551 1957 595 sua
2000 551 2149 594 cum

325 653 516 696 manu
560 639 819 698 noctem
869 635 1202 718 opperitur
1230 633 1405 698 haud
1440 635 1659 698 nescio
1698 633 1861 698 duce
1891 640 2144 715 nostr03

325 735 520 819 igitur
577 736 864 801 firmatae
925 737 1234 802 stationes
1297 737 1700 804 densioribus
1758 739 1991 822 globis,
2082 745 2148 804 et

324 839 665 922 ingruebat
721 861 855 904 nox
911 839 1128 904 nimbo
1189 847 1408 922 atrox,
1472 843 1803 927 hostisque
1864 843 2145 908 clamore

323 944 602 1026 turbide,
648 939 846 1008 modo
894 942 1018 1028 per
1041 951 1295 1008 vastum
1326 945 1673 1029 silentium,
1720 947 1998 1012 incertos
2032 946 2143 1010 ob·
2164 965 2215 1004 20

323 1068 610 1112 sessores
643 1049 988 1130 effecerat,·
1021 1069 1167 1112 cum
1198 1048 1471 1113 Sabinus
1500 1051 1856 1133 circumire,
1902 1051 2145 1116 hortari

323 1172 405 1215 ne
451 1151 534 1214 ad
579 1150 879 1234 ambigua
937 1152 1184 1216 sonitus
1240 1159 1349 1216 aut
1394 1153 1865 1218 simulationem
1917 1153 2145 1239 quietis

321 1273 538 1319 casum
594 1255 1044 1321 insidiantibus
1102 1257 1459 1341 aperirent,
1520 1256 1637 1321 sed
1698 1277 1813 1321 sua
1873 1259 2143 1342 quisque
2214 1279 2234 1302 ·

322 1359 542 1422 munia
596 1365 930 1424 servarent
984 1359 1245 1423 immoti
1298 1361 1579 1445 telisque
1624 1381 1756 1424 non
1802 1362 1867 1424 in
1914 1360 2144 1425 falsum

321 1461 525 1526 iactis.
919 1493 924 1497 ·
1303 1511 1307 1515 .
2164 1496 2213 1532 25

453 1567 556 1630 51.
621 1567 882 1632 Interea
926 1567 1178 1632 barbari
1207 1569 1481 1632 catervis
1518 1568 1931 1632 decurrentes
1976 1589 2145 1632 nunc

322 1671 390 1733 in
433 1671 674 1735 vallum
718 1673 1040 1737 manualia
1080 1693 1259 1754 saxa,
1303 1677 1637 1756 praeustas
1668 1670 1884 1752 sudes,
1927 1671 2144 1734 decisa

320 1774 558 1839 robora
601 1774 849 1848 iacere,
896 1797 1066 1840 nunc
1111 1775 1407 1858 virgultis
1452 1781 1518 1840 et
1564 1775 1843 1838 cratibus
1891 1783 1957 1839 et
2002 1795 2141 1838 cor-

320 1877 584 1961 poribus
633 1879 944 1942 exanimis
992 1863 1317 1963 complere
1354 1877 1577 1962 fossae,
1623 1877 1884 1962 quidam
1928 1879 2143 1963 pontis

321 1992 388 2049 et
433 1978 636 2049 scalas
682 1992 831 2050 ante
877 1985 1172 2050 fabricati
1209 1984 1447 2049 inferre
1491 1984 1989 2069 propugnaculis
2036 2003 2185 2053 ea-5

321 2110 446 2174 que
505 2110 814 2173 prensare
873 2090 1216 2153 detrahere
1280 2094 1345 2152 et
1400 2089 1743 2153 adversum
1787 2088 2144 2151 resistentis

321 2193 675 2259 comminus
699 2193 835 2256 niti.
891 2193 1074 2257 miles
1096 2199 1318 2257 contra
1340 2191 1683 2257 deturbare
1704 2192 1867 2274 telis,
1900 2192 2145 2277 pellere

319 2297 726 2378 umbonibuS‚
767 2297 1035 2362 muralia
1062 2298 1213 2381 pila,
1246 2303 1587 2381 congestas
1620 2297 1907 2382 lapidum
1937 2296 2145 2360 moles

319 2399 726 2484 provolvere.
788 2400 888 2464 his
916 2406 1140 2485 partae
1171 2400 1481 2467 victoriae
1513 2424 1660 2488 spes
1693 2407 1778 2483 et,
1808 2401 1860 2465 si
1892 2400 2144 2485 cedant,

319 2503 682 2587 insignitius
735 2504 1083 2588 flagitium,
1142 2505 1269 2569 illis
1329 2512 1623 2570 extrema
1678 2508 1806 2571 iam
1864 2493 2034 2569 salus
2080 2511 2147 2570 et
2166 2532 2213 2571 ιο

319 2607 706 2673 adsistentes
737 2608 1062 2693 plerisque
1089 2614 1329 2674 matres
1360 2616 1427 2675 et
1458 2612 1768 2694 coniuges
1800 2632 2145 2695 earumque

318 2710 601 2775 lamenta
646 2710 894 2775 addunt
951 2714 1220 2775 animos,
1310 2733 1446 2777 nox
1493 2713 1634 2776 aliis
1678 2714 1747 2778 in
1790 2714 2143 2797 audaciam,

319 2815 462 2879 aliis
507 2809 592 2879 ad
621 2814 1031 2880 formidinem
1075 2820 1469 2900 opportuna3
1517 2818 1743 2881 incerti
1776 2818 1961 2900 ictus,
2006 2818 2145 2881 vul-

317 2940 476 2984 nera
518 2920 876 3005 inprovisa3
937 2942 1200 2985 suorum
1256 2927 1449 3005 atque
1496 2922 1775 2987 hostium
1821 2924 2141 3009 ignoratio

319 3029 386 3088 et
415 3024 654 3087 montis
684 3024 972 3089 anfractu
1000 3045 1417 3109 repercussae
1455 3026 1634 3090 velut
1664 3048 1703 3089 a
1732 3032 1917 3110 tergo
1949 3046 2143 3091 voces
2164 3056 2217 3097 15

318 3129 484 3194 adeo
531 3136 760 3194 cuncta
805 3130 1226 3213 miscuerant,
1274 3137 1346 3194 ut
1389 3130 1704 3214 quaedam
1749 3131 2147 3195 munimenta

318 3232 595 3298 Romani
649 3234 830 3317 quasi
875 3239 1184 3318 perrupta
1231 3234 1581 3299 omiserint.
1671 3253 1881 3318 neque
1926 3238 2143 3296 tamen

317 3358 660 3423 pervasere
720 3339 942 3403 hostes
999 3338 1124 3403 nisi
1182 3338 1530 3403 admodum
1593 3337 1818 3423 pauci:
1890 3342 2142 3401 ceteros

319 3440 570 3507 deiecto
604 3443 1083 3528 promptissimo
1115 3463 1373 3528 quoque
1399 3449 1509 3508 aut
1546 3444 1761 3507 saucio
1796 3440 2141 3526 adpetente
