2467 3900
348 175 426 232 98
1026 181 1307 224 commmr
1334 181 1530 222 'raom

344 361 522 406 mum
569 338 895 426 quondam
928 361 1152 425 regem
1183 340 1264 405 ad
1301 362 1370 406 se
1403 340 1784 408 vocantibus
1815 339 2202 405 Romanam

348 446 699 511 amicitiam
729 445 1129 529 praetulisse.
1193 466 1576 532 responsum
1609 467 1648 510 a
1672 445 1953 510 Caesare
1976 450 2198 512 tutam

350 551 861 634 honoratamque
926 550 1150 616 sedem
1199 551 1266 615 in
1309 550 1501 616 Italia
1544 552 1704 633 fore,
1753 551 1809 614 si
1851 559 2192 624 maneretz

341 653 448 719 ‚sin
494 650 670 716 aliud
718 653 1130 737 conduceret,
1180 639 1498 719 abiturum
1543 653 1673 718 fide
1720 674 1847 739 qua
1877 655 2194 728 venisset.

282 776 335 815 10
356 763 640 822 ceterum
700 757 876 842 apud
934 765 1227 824 senatum
1288 757 1590 825 disseruit
1635 779 1766 822 non
1810 757 2198 842 Philippum

352 851 881 946 Atheniensibus,
913 885 1047 929 non
1076 865 1358 948 Pyrrum
1392 872 1502 931 aut
1521 865 1918 930 Antiochum
1938 866 2198 950 populo

352 953 651 1034 Romano
698 968 969 1053 perinde
1014 969 1399 1034 metuendos
1445 953 1662 1035 fuisse.
1739 975 1923 1035 extat
1955 972 2194 1053 oratic,
2245 1041 2256 1050 ,

240 1100 244 1106 ·
351 1093 481 1159 *qua
540 1073 1053 1157 magnitudinem
1112 1073 1266 1156 viri,
1328 1075 1704 1139 violentiam
1753 1073 2195 1140 subiectarum

356 1178 677 1264 gentium,
735 1199 927 1264 quam
972 1179 1375 1264 propinquus
1419 1178 1646 1244 Italiae
1694 1178 1899 1245 hostis
1943 1200 2196 1264 suaque

286 1284 423 1349 1⁵in
487 1282 879 1348 destruendo
945 1284 1215 1348 consilia
1277 1283 1530 1348 extulit.
1635 1289 1700 1348 et
1743 1284 2195 1351 Maroboduus

358 1387 623 1472 quidem
669 1385 1020 1452 Ravennae
1066 1387 1357 1470 habitus,
1419 1386 1675 1470 quando
1723 1388 2200 1456 insolescerent

358 1491 573 1573 Suebi,
623 1492 805 1576 quasi
849 1490 1173 1556 rediturus
1221 1491 1697 1556 ostentabatur:
1747 1491 1864 1556 sed
1907 1513 2041 1558 non
2073 1514 2197 1558 ex-

359 1595 551 1659 cessit
596 1594 786 1659 Italia
824 1615 943 1680 per
990 1594 1441 1680 duodeviginti
1485 1617 1686 1660 annos
1725 1597 2198 1682 consenuitque

360 1699 631 1762 multum
696 1698 1035 1764 imminuta
1098 1699 1389 1764 claritate
1455 1699 1536 1764 ob
1603 1699 1866 1765 nimiam
1930 1701 2197 1770 vivendi

285 1819 339 1859 20
360 1803 743 1888 cupidinem.
834 1801 1011 1868 idem
1073 1801 1430 1868 Catualdae
1489 1825 1672 1870 casus
1738 1826 1950 1891 neque
2015 1807 2196 1872 aliud

321 1967 325 1969 ,
356 1907 744 1993 perfugium.
817 1909 1039 1994 pulsus
1069 1905 1244 1972 haud
1277 1909 1482 1974 multo
1513 1915 1664 1994 post
1693 1909 2194 1977 Hermunduro-

358 2033 498 2076 rum
562 2014 791 2100 opibus
854 2018 919 2079 et
966 2013 1208 2078 Vibilio
1251 2012 1425 2078 ‘duce
1472 2019 1898 2099 receptusque
1946 2014 2194 2082 Forum

357 2117 597 2182 Iulium
658 2116 1100 2182 Narbonensis
1166 2116 1418 2185 Galliae
1499 2117 1819 2182 coloniam
1900 2117 2198 2183 mittitur.

356 2220 613 2286 barbari
658 2226 1001 2306 utrumque
1048 2221 1339 2285 comitati
1381 2240 1479 2285 ne.
1513 2221 1762 2306 quietas
1825 2223 2198 2306 provincias

285 2347 341 2386 25
358 2323 640 2387 immixti
686 2324 1041 2407 turbarent,
1086 2324 1461 2390 Danuvium
1505 2327 1674 2390 ultra
1716 2327 1887 2391 inter
1928 2327 2198 2393 flumina

360 2427 612 2492 Marum
684 2434 751 2492 et
824 2426 1065 2493 Cusum
1128 2429 1427 2494 locantur
1497 2430 1672 2494 dato·
1713 2450 1870 2515 rege
1932 2428 2194 2495 Vannio

361 2532 574 2618 gentis
622 2531 1023 2607 Quadorum.

490 2637 593 2702 64.
654 2636 859 2701 Simul
903 2636 1195 2701 nuntiato
1243 2657 1471 2723 regem
1516 2636 1836 2702 Artaxian
1865 2635 2199 2703 Armeniis

360 2764 399 2806 a
458 2740 843 2807 Germanico
913 2741 1133 2807 datum
1208 2741 1558 2809 decrevere
1620 2747 1836 2826 patres
1893 2747 1966 2806 ut
2027 2740 2196 2807 Ger-

360 2846 645 2911 manicus
700 2851 892 2931 atque
938 2846 1190 2911 Drusus
1239 2851 1508 2912 ovantes
1553 2847 1782 2912 urbem
1829 2845 2196 2917 introirent,

359 2949 585 3014 structi
618 2954 683 3013 et
712 2969 897 3014 arcus
930 2949 1168 3014 circum
1198 2949 1405 3015 latera
1435 2949 1662 3034 templi
1692 2950 1918 3016 Martis
1941 2950 2199 3014 Ultoris

315 3076 506 3121 scum
552 3055 769 3140 effigie
815 3053 1187 3137 Caesarum,
1230 3055 1507 3121 laetiore
1551 3054 1836 3139 Tiberio,
1883 3055 2034 3140 quia
2077 3075 2193 3138 pa-

362 3180 502 3225 oem
534 3159 850 3245 sapientia
879 3158 1262 3242 firmaverat,
1297 3179 1488 3244 quam
1519 3160 1572 3223 si
1601 3158 1843 3224 bellum
1874 3178 1990 3244 per
2021 3158 2195 3245 acies

362 3263 763 3330 confecisset.
851 3261 1052 3345 igitur
1095 3262 1576 3347 Rhescuporim
1623 3282 1900 3347 quoque,
1948 3261 2192 3327 Thrae-

360 3366 497 3431 ciae
554 3386 811 3450 regem,
876 3372 1021 3429 astu
1065 3364 1464 3449 adgreditur.
1558 3387 1816 3431 omnem
1861 3366 2194 3440 nationem
