2467 3900
443 172 558 227 240
1103 177 1381 216 columna
1406 178 1603 218 mom

438 334 598 415 rari,
659 337 946 396 ceterum
1003 332 1306 415 regendis
1364 333 1713 417 provinciis
1766 333 1980 416 prisca
2022 331 2276 395 virtute

439 437 596 523 egit.
683 437 855 500 unde
901 456 1230 519 regressus
1276 442 1341 500 et
1383 435 1725 500 formidine
1776 434 1899 498 Gai
1947 434 2277 514 Caesaris,

438 528 868 606 familiaritate
915 538 1170 603 Claudii
1225 545 1417 625 turpe
1475 541 1541 604 in
1601 541 1930 606 servitium
1977 545 2275 604 mutatus

439 644 776 728 exemplar
806 641 978 728 apud
1007 650 1303 727 posteros
1331 643 1675 708 adulatorii
1704 643 2043 709 dedecoris
2059 643 2272 709 habe-

373 769 424 806 25
439 753 542 812 tur
601 754 1058 832 cesseruntque
1123 749 1331 832 prima
1392 750 1737 834 postremis
1800 755 1867 814 et
1928 751 2105 814 bona
2164 750 2271 815 iu-

441 859 674 918 ventae
719 858 1017 916 senectus
1064 853 1385 936 flagitiosa
1430 853 1843 918 oblitteravit.

571 959 676 1020 33.
739 955 833 1020 At
885 977 972 1020 ex
1027 956 1269 1039 regulis
1313 957 1493 1041 prior
1535 957 1941 1022 Mithridates
1986 958 2268 1023 Pharas-

442 1081 694 1126 manem
748 1061 1036 1145 perpulit
1095 1059 1247 1124 dolo
1296 1068 1362 1126 et
1405 1061 1472 1125 vi
1518 1067 1785 1126 conatus
1842 1083 1993 1128 suos
2038 1064 2267 1128 iuvare

440 1167 809 1250 repertique
871 1171 1282 1250 corruptores
1346 1167 1671 1231 ministros
1726 1165 1989 1230 Arsacis
2052 1167 2264 1230 multo

441 1292 596 1335 auro
643 1270 726 1334 ad
772 1270 982 1334 scelus
1027 1273 1300 1354 cogunt3
1348 1271 1540 1333 simul
1569 1269 1804 1334 Hiberi
1848 1270 2101 1353 magnis
2149 1289 2264 1333 co-

398 1377 561 1461 ⁶piis
604 1373 981 1438 Armeniam
1038 1374 1414 1458 inrumpunt
1460 1380 1527 1438 et
1569 1375 1729 1438 urbe
1776 1371 2096 1438 Artaxata
2138 1394 2264 1458 po-

437 1481 700 1544 tiuntur.
775 1499 938 1561 quae
983 1483 1326 1562 postquam
1360 1476 1695 1542 Artabano
1732 1479 2013 1561 cognita,
2054 1477 2265 1542 filium

445 1584 708 1649 Oroden
753 1583 1028 1646 ultorem
1078 1581 1188 1667 dat
1213 1581 1725 1668 Parthorumque
1773 1583 2015 1668 copias,
2060 1583 2267 1648 mittit

311 1717 321 1730 ·
444 1689 554 1771 qui
583 1686 824 1750 auxilia
848 1687 1150 1752 mercede
1182 1687 1501 1753 facerent:
1537 1693 1763 1753 contra
1785 1687 2265 1752 Pharasmanes

441 1791 794 1873 adiungere
855 1789 1151 1855 Albanos
1171 1840 1188 1873 ,
1268 1793 1477 1857 accire
1550 1791 1905 1873 Sarmatas,
1985 1813 2261 1876 quorum

371 1916 424 1957 ιο
440 1894 770 1979 sceptuchi
821 1895 1142 1980 utrimque
1202 1893 1391 1959 donis
1435 1895 1723 1980 acceptis
1769 1914 1952 1961 more
1997 1895 2260 1979 gentico

441 1999 696 2063 diversa
751 1999 1044 2064 induere.
1135 1998 1251 2063 sed
1306 1999 1541 2064 Hiberi
1602 2001 1895 2065 locorum
1954 2004 2263 2084 potentes

441 2102 676 2186 Caspia
718 2103 825 2167 via
867 2102 1224 2167 Sarmatam
1268 2103 1331 2165 in
1377 2102 1724 2169 Armenios
1766 2103 2005 2189 raptim
2049 2103 2259 2167 effun-

441 2207 620 2271 dunt.
711 2212 778 2272 at
833 2206 943 2291 qui
987 2206 1245 2271 Parthis
1302 2206 1768 2289 adventabant,
1830 2207 2021 2273 facile
2076 2228 2260 2272 arce·

440 2310 692 2390 bantur,
741 2330 882 2374 cum
913 2310 1072 2374 alios
1106 2310 1395 2375 incessus
1423 2312 1627 2376 hostis
1661 2310 2012 2392 clausisset,
2056 2332 2259 2376 unum

374 2435 424 2473 15
439 2415 761 2497 reliquum
795 2434 968 2477 mare
1000 2414 1169 2478 inter
1199 2422 1265 2479 et
1298 2419 1629 2480 extremos
1645 2414 2048 2479 Albanorum
2070 2435 2258 2480 mon-

441 2524 541 2582 tes
587 2522 796 2581 aestas
841 2517 1202 2602 impediret,
1250 2520 1400 2604 quia
1441 2520 1699 2585 flatibus
1745 2520 2090 2585 etesiarum
2135 2518 2259 2583 im-

442 2621 700 2706 plentur
763 2620 960 2686 vada:
1035 2620 1341 2687 hibernus
1408 2628 1626 2687 auster
1684 2624 1963 2688 revolvit
2026 2622 2261 2687 fluctus

443 2724 760 2809 pulsoque
804 2724 1116 2789 introrsus
1161 2726 1326 2790 freto
1360 2726 1583 2792 brevia
1611 2717 1875 2793 litorum
1909 2726 2258 2791 nudantur.

573 2831 677 2893 34.
740 2829 1008 2894 Interim
1047 2829 1313 2895 Oroden
1357 2832 1675 2897 sociorum
1724 2834 1986 2916 inopem
2033 2837 2263 2896 auctus

442 2934 683 3000 auxilio
729 2934 1196 3000 Pharasmanes
1252 2955 1489 2999 vocare
1552 2934 1635 3000 ad
1692 2954 1979 3020 pugnam
2028 2940 2096 2998 et
2142 2932 2261 2997 de-

439 3046 823 3105 trectantem
853 3040 1197 3120 incessere,
1246 3040 1619 3125 adequitare
1652 3040 1891 3121 castris,
1934 3037 2259 3103 infensare

440 3146 713 3230 pabula3
790 3166 864 3209 ac
925 3164 1122 3228 saepe
1188 3144 1421 3209 obsidii
1486 3143 1872 3209 stationibus
1936 3142 2264 3226 cingebat,

403 3277 426 3314 5
445 3250 652 3315 donec
709 3248 933 3315 Parthi
991 3248 1523 3314 contumeliarum
1577 3248 1935 3312 insolentes
1989 3244 2265 3309 circum-

393 3394 398 3401 ·
445 3356 747 3419 sisterent
790 3374 1034 3437 regem,
1078 3359 1423 3437 poscerent
1465 3353 1806 3438 proelium.
1890 3353 2085 3433 atque
2130 3348 2265 3413 illis
