2467 3900
400 193 475 247 24
1071 197 1347 238 commui
1375 199 1569 238 mom

398 378 510 441 spe
575 355 714 421 fore
773 361 845 421 ut
893 355 1312 421 Germanicus
1360 356 1599 422 Caesar
1655 357 1996 442 imperium
2054 341 2229 423 alte*

396 462 527 524 rius
573 461 708 545 pati
769 461 1065 544 nequiret
1111 461 1421 545 daretque
1466 483 1536 526 se
1581 462 1945 546 legionibus
1978 463 2056 528 'vi
2104 483 2230 527 sua

353 587 376 624 5
398 571 626 630 cuncta
674 565 989 630 tracturis.
1093 564 1220 631 duo
1272 565 1445 650 apud
1501 567 1708 650 ripam
1751 565 1966 631 Rheni
2026 588 2226 632 exer-

397 673 559 735 citus
606 676 822 735 erant:
888 672 988 734 cui
1047 691 1288 736 nomen
1346 669 1693 755 superiori,
1744 671 1861 734 sub
1926 669 1999 735 O.
2056 670 2227 736 Silio

394 777 636 859 legat0,
681 774 1052 838 inferiorem
1094 772 1177 837 A.
1228 773 1508 838 Caecina
1554 775 1837 838 curabat.
1927 775 2228 858 regimen

396 898 682 942 summae
727 878 820 942 rei
866 898 1067 961 penes
1115 877 1606 960 Germanicum,
1669 877 1922 969 agendo
1974 860 2225 942 Gallia-

394 1005 531 1048 rum
611 983 829 1048 censui
890 989 1026 1047 tum
1099 982 1442 1047 intentum.
1551 982 1667 1047 sed
1728 983 1959 1073 quibus
2018 965 2225 1047 Silius

327 1109 376 1146 10
393 1088 879 1169 moderabatur,
925 1092 1142 1151 mente
1189 1087 1501 1170 ambigua⁴
1520 1086 1842 1150 fortunam
1880 1087 2225 1151 seditionis

394 1192 640 1257 alienae
687 1191 1213 1277 speculabantur:
1281 1190 1603 1254 inferioris
1650 1190 1973 1255 exercitus
2032 1190 2225 1255 miles

394 1298 460 1359 in
503 1295 750 1360 rabiem
789 1294 1126 1378 prolapsus
1159 1299 1277 1375 est,
1324 1299 1464 1359 orto
1498 1295 1578 1358 ab
1610 1290 2225 1386 unetvice'nsimanis

395 1398 840 1483 quintanisque
901 1398 1083 1462 initio
1150 1403 1215 1461 et
1277 1398 1495 1462 tractis
1557 1399 1763 1484 prima
1821 1420 2083 1484 quoque
2143 1420 2223 1464 ac

392 1503 741 1568 vicensima
786 1502 1183 1586 legionibus:
1230 1523 1379 1567 nam
1425 1502 1632 1567 isdem
1678 1505 1938 1568 aestivis
1983 1505 2049 1568 in
2077 1505 2227 1567 fini-

329 1631 377 1668 15
392 1609 514 1674 bus
545 1607 862 1672 Ubiorum
905 1607 1325 1672 habebantur.
1414 1607 1613 1689 igitur
1654 1606 1872 1671 audito
1918 1608 2045 1672 fine
2076 1608 2223 1672 Au-

398 1714 571 1796 gusti
628 1712 974 1777 vernacula
1034 1711 1379 1777 multitudo
1445 1732 1652 1795 nuper
1719 1720 1863 1777 acto
1924 1711 1995 1776 in
2056 1711 2222 1777 urbe

399 1818 672 1900 dilectu,
734 1818 1033 1882 lasciviae
1080 1823 1293 1899 sueta,
1336 1817 1629 1908 laborum
1672 1817 2055 1898 intolerans,
2100 1817 2223 1881 im-

397 1923 574 2007 plere
646 1921 1008 1987 cetero'rum
1065 1920 1260 1985 rudes
1318 1921 1600 1986 animos:
1665 1922 1920 1986 venisse
1964 1922 2225 2007 tempus

397 2047 524 2112 quo
554 2026 844 2091 veterani
874 2030 1190 2089 maturam
1221 2025 1615 2107 missionem,
1638 2026 1905 2090 iuvenes
1936 2026 2227 2110 largiora

329 2156 378 2196 20
395 2130 743 2217 stipendia,
783 2130 994 2194 cuncti
1040 2129 1305 2194 modum
1350 2130 1752 2194 miseriarum
1789 2139 2226 2217 exposcerent

395 2235 855 2318 saevitiamque
887 2235 1332 2297 centurionum
1368 2235 1846 2300 ulciscerentur.
1893 2233 2026 2301 non
2051 2258 2224 2302 unus

394 2338 585 2418 haec,
648 2345 721 2402 ut
773 2336 1179 2401 Pannonicas
1239 2338 1407 2401 inter
1464 2338 1757 2421 legiones
1800 2340 2223 2426 PercenniUS,

394 2464 514 2507 nec
560 2441 734 2527 apud
777 2441 1060 2526 trepidas
1114 2440 1388 2505 militum
1434 2462 1621 2506 aures
1667 2442 1827 2505 alios
1869 2443 2224 2508 validiores

397 2548 721 2613 exercitus
765 2546 1267 2630 respicientium,
1312 2544 1430 2610 sed
1475 2545 1679 2610 multa
1724 2546 2060 2612 seditionis
2108 2569 2229 2614 ora

327 2676 378 2715 25
396 2672 750 2735 vocesque:
822 2671 937 2713 sua
999 2649 1064 2712 in
1127 2670 1322 2713 manu
1385 2650 1570 2713 sitam
1632 2672 1771 2715 rem
1833 2651 2221 2731 Romanam,

396 2756 525 2819 suis
547 2754 833 2833 victoriis
861 2754 1083 2837 augeri
1113 2774 1253 2816 rem
1282 2752 1625 2837 publicam,
1659 2754 1722 2817 in
1754 2776 1941 2818 suum
1973 2775 2220 2839 cogno-

396 2866 684 2924 mentum
731 2857 998 2920 adscisci
1043 2857 1487 2942 imperatores.

526 2962 628 3025 32.
692 2961 832 3025 Nec
875 2962 1129 3044 legatus
1163 2962 1419 3026 obviam
1451 2963 1616 3028 ibat:
1665 2964 1902 3048 quippe
1936 2964 2223 3049 plurium

395 3066 739 3133 vaecordia
798 3066 1220 3130 constantiam
1284 3074 1635 3132 exemerat.
1727 3073 1994 3151 repente
2052 3063 2221 3153 lym‘-

396 3172 575 3255 phati
623 3168 939 3235 destrictis
999 3170 1243 3251 gladiis·
1290 3171 1354 3233 in
1403 3171 1811 3235 centuriones
1870 3170 2219 3238 invadunt:

398 3297 476 3341 ea
517 3273 950 3340 vetustissima
994 3273 1374 3339 militaribus
1409 3274 1571 3339 odiis
1616 3274 1917 3339 materies
1966 3283 2031 3341 et
2074 3297 2219 3341 sae-

355 3381 612 3445 5viendi
679 3375 1082 3463 principium.
1185 3383 1541 3462 prostratos
1606 3379 1983 3444 verberibus
2050 3381 2219 3445 mul-

2390 2001 2401 2009 ο

2446 1915 2451 2187 -ᾼῇ
2438 1783 2449 1882 ⁴—
