2467 3900
578 255 654 294 AB
682 253 936 294 EXGESSU
962 255 1095 294 DIVI
1120 253 1378 294 AUGUSTI
1403 253 1475 293 111
1501 252 1671 292 'ns—76.
1723 253 1786 293 1v
1815 253 1851 293 1.
2004 248 2114 305 159

290 412 538 477 Catone
582 413 899 477 avunculo
933 414 1175 496 genita,
1224 410 1298 476 O.
1333 411 1537 476 Cassii
1578 433 1765 495 uxor,
1811 413 1899 478 M.
1929 413 2115 478 Bruti

286 538 492 582 soror.
579 523 1036 584 testamentum
1079 517 1282 582 multo
1329 515 1503 602 apud
1546 517 1814 601 vulgum
1854 539 2113 583 rumore

284 622 432 705 fuit,
487 622 637 707 quia
678 624 746 686 in
792 624 1045 706 magnis
1092 624 1349 708 opibus,
1412 642 1555 687 eum
1600 623 1802 688 ferme
1850 628 2158 688 cunctoss

289 746 589 809 proceres
664 747 811 792 eum
876 728 1125 792 honore
1190 727 1688 808 nominavisset,
1762 727 2110 792 'Caesarem

288 831 523 896 omisit.
595 830 771 915 quod
818 830 1091 901 civiliter
1133 837 1498 917 aceeptum3
1543 851 1755 916 neque
1786 832 2113 916 prohibuit

284 954 410 1017 quo
470 935 680 998 minus
724 933 1098 1000 laudatione
1142 955 1262 1018 pro
1306 935 1530 999 rostris
1577 937 1934 1020 ceterisque
1983 938 2112 1000 sol-

284 1037 605 1104 lemnibus
666 1037 858 1102 funus
915 1041 1464 1104 cohonestaretur.
1551 1040 1780 1124 viginti
1839 1043 2110 1126 clarissi-

284 1163 535 1206 marum
565 1141 949 1206 familiarum
977 1143 1294 1226 imagines
1322 1143 1642 1210 antelatae
1669 1150 1836 1226 sunt,
1867 1145 2110 1227 Manlii,
2132 1163 2181 1204 10

287 1245 569 1321 Quinctii
612 1245 864 1330 aliaque
912 1245 1204 1310 eiusdem
1246 1247 1600 1312 nobilitatis
1637 1248 1914 1314 nomina.
1993 1247 2111 1312 sed

282 1351 775 1434 praefulgebant
808 1348 1065 1415 Cassius
1110 1356 1303 1434 atque
1333 1350 1573 1416 Brutus
1615 1373 1693 1418 eo
1728 1353 1888 1436 ipso,
1933 1351 2109 1437 quod

284 1453 533 1538 effigies
576 1474 801 1518 eorum
846 1474 977 1518 non
1025 1453 1412 1520 visebantur.

690 1840 1226 1926 CORNELII
1289 1843 1673 1927 ΤΑΟΙΤΙ
1723 1855 1728 1859 Α

490 2042 624 2114 ΑΒ
679 2040 1120 2115 EXGESSU
1178 2040 1394 2115 DIVI
1447 2040 1896 2123 AUGUSTI

987 2220 1235 2280 LIBER
1276 2222 1386 2281 1v.

415 2499 469 2562 1.
531 2496 603 2563 O.
636 2496 865 2567 Asinio
902 2498 973 2565 O.
1004 2498 1289 2567 Antistio
1338 2503 1706 2569 oonsulibus
1751 2525 1960 2572 nonus
1997 2504 2102 2584 'Ei-

278 2602 454 2669 berio
496 2624 701 2668 annus
742 2610 880 2667 erat
910 2604 1306 2688 compositae
1337 2607 1433 2670 rei
1464 2607 1780 2692 publicae,
1801 2610 2100 2674 florentis

276 2710 507 2774 domus
566 2706 743 2789 (nam
802 2710 1171 2778 Germanioi
1232 2715 1507 2780 mortem
1565 2711 1734 2776 inter
1791 2732 2104 2799 prospera

277 2811 624 2896 ducebat),
690 2835 833 2879 oum
894 2819 1163 2897 repente
1225 2814 1488 2891 turbare
1547 2815 1804 2881 fortuna
1867 2816 2102 2901 eoepit,

273 2918 523 2985 saevire
567 2919 709 3002 ipse
752 2923 863 2981 aut
906 2918 1340 2983 saevientibus
1375 2918 1546 2983 vires
1577 2920 1910 3003 praebere.
1985 2920 2144 2984 ini-5

272 3023 433 3087 tium
480 3028 545 3086 et
591 3043 783 3087 eausa
827 3044 1029 3113 penes
1069 3020 1330 3087 Aelium
1377 3022 1680 3089 Seianum
1728 3025 2099 3090 cohortibus

273 3127 613 3211 praetoriis
658 3127 1105 3213 ,pi-aefectum,
1170 3127 1350 3193 euius
1415 3126 1496 3192 de
1558 3128 1850 3214 potentia
1907 3148 2101 3213 supra

274 3231 663 3296 memoravi:
708 3252 879 3296 nune
927 3231 1243 3314 originem
1284 3252 1501 3296 mores
1547 3237 1614 3295 et
1658 3254 1784 3317 quo
1816 3231 2098 3297 facinore

275 3334 780 3401 dominationem
845 3342 1099 3421 raptum
1166 3337 1314 3402 ierit
1379 3334 1743 3420 expediam.
1842 3336 2099 3419 genitus

272 3438 583 3505 Vulsiniis
631 3448 813 3527 patre
860 3438 1010 3505 Seio
1058 3439 1374 3505 Strabone
1423 3442 1640 3525 equite
1684 3439 1981 3506 Romano
2032 3447 2099 3508 et
2120 3462 2169 3501 10
