2467 3900
362 217 415 252 Π
1117 200 1459 241 mmmmm.

364 364 566 428 adniti
629 363 949 449 possimus
1021 362 1482 428 adminiculum
1550 361 1856 426 acuminis
1918 364 2186 447 ingenii.

363 467 582 551 Atque
642 467 830 531 huius
876 472 1025 534 ante
1074 467 1289 531 omnia
1330 466 1691 550 putaverim
1734 486 1873 531 esse
1920 489 2041 532 usu
2083 468 2184 532 lo-

257 626 276 640 ,
363 572 602 657 quendi
635 571 1355 656 diligenter,perspeeto
1390 569 1609 653 siquae
1641 571 1837 633 insint
1863 571 1927 633 in
1961 571 2181 637 codiee

364 675 795 759 manuscripto
847 696 1013 759 quae
1059 696 1097 738 a
1142 675 1425 757 genuino
1474 674 1679 737 Taciti
1724 694 2021 739 sermone
2068 674 2178 738 ab·

361 778 668 842 horreant
723 777 1042 861 indagari.
1129 777 1333 859 Nam,
1392 783 1463 840 ut
1522 778 1838 861 exemplis
1894 786 2069 858 utar,
2128 780 2183 840 si

364 881 747 964 viderimuS,
819 881 1111 946 Tacitum
1177 880 1577 966 supprimere
1645 883 1856 946 solere
1919 883 2189 947 verbum

363 1007 499 1067 esse,
544 987 932 1069 ubicumque
980 985 1042 1048 id
1083 987 1220 1049 sine
1268 1005 1491 1049 sensus
1534 984 1919 1049 detrimento
1955 987 2187 1051 abesse

364 1097 583 1176 potest
642 1089 750 1172 (ef.
798 1089 832 1152 I
879 1091 950 1153 2:
1009 1088 1341 1172 Postquam
1387 1088 1586 1152 Bruto
1638 1095 1691 1151 et
1736 1087 1943 1153 Cassio
2001 1091 2193 1153 caesis

363 1197 539 1260 nulla
582 1196 711 1259 iam
748 1195 996 1278 publica
1041 1214 1255 1272 arma,
1314 1193 1640 1276 Pompeius
1690 1193 1864 1276 apud
1907 1193 2188 1257 Siciliam

365 1319 686 1382 oppressus
747 1305 1037 1382 exutoque
1096 1296 1330 1380 Lepido
1342 1345 1360 1378 ,
1421 1297 1729 1379 interfecto
1785 1298 2051 1362 Antonio
2112 1320 2192 1362 ne

364 1402 634 1466 Iulianis
664 1401 908 1486 quidem
929 1400 1218 1484 partibus
1248 1400 1375 1462 nisi
1395 1398 1621 1462 Caesar
1649 1398 1782 1462 dux
1808 1400 2082 1485 reliquus
2100 1451 2113 1466 .
2136 1451 2149 1466 .
2168 1451 2187 1465 .

364 1507 399 1570 I
447 1510 488 1570 4
531 1507 735 1590 Iqitur
778 1526 944 1570 verso
988 1506 1243 1568 civitatis
1285 1509 1446 1568 statu
1491 1502 1649 1566 nih-il
1688 1523 1952 1587 usquam
1994 1507 2191 1588 prisci

365 1617 420 1674 et
461 1611 684 1694 inteqri
725 1611 916 1673 moris
961 1659 976 1674 .
1013 1656 1028 1671 .
1063 1658 1076 1672 .
1152 1608 1186 1672 l
1234 1610 1273 1672 8
1332 1605 1511 1670 Nihil
1548 1607 1756 1690 primo
1799 1614 2045 1672 senatus
2089 1608 2187 1672 dic

365 1716 470 1798 aqi
535 1733 762 1797 passus
827 1714 952 1776 nisi
1021 1711 1095 1776 de
1152 1712 1460 1795 supremis
1520 1711 1791 1795 Auqusti
1837 1761 1851 1776 .
1889 1762 1903 1776 .
1940 1762 1955 1777 .
2014 1713 2081 1798 ,Ι
2148 1716 2187 1776 9

369 1818 609 1882 Multus
650 1818 792 1881 hinc
834 1819 963 1901 ipso
1007 1817 1080 1882 de
1115 1818 1391 1900 Auqusto
1430 1835 1625 1880 sermo
1662 1864 1676 1879 .
1712 1865 1726 1879 .
1764 1866 1777 1880 .
1852 1817 1886 1880 Ι
1924 1819 1994 1880 11
2044 1816 2190 1880 Ver-

367 1942 469 1987 sae
512 1921 654 1986 inde
698 1920 783 1985 ad
833 1920 1148 1987 Tiberium
1182 1940 1393 2005 preces
1426 1970 1439 1985 .
1476 1970 1490 1985 .
1529 1918 1605 2003 .)‚
1670 1921 1821 2005 quin
1870 1922 2064 1986 etiam
2110 1923 2190 1986 iis

367 2028 561 2110 locis,
603 2027 716 2092 ubi
759 2048 879 2092 nos
924 2027 994 2091 id
1041 2027 1339 2092 omittere
1390 2024 1827 2089 dubitaremus
1875 2025 1981 2105 (of.
2024 2025 2058 2087 1
2107 2028 2189 2089 72

367 2138 593 2215 quanto
649 2133 788 2215 quis
840 2132 1164 2195 inlustrior
1221 2135 1385 2192 tanto
1444 2130 1643 2211 maqis
1684 2127 1854 2209 falsi
1908 2148 1981 2191 ac
2009 2128 2193 2210 festi-

369 2241 582 2298 nantes
617 2233 926 2318 vultuque
977 2235 1337 2335 ’campositffl
1370 2253 1481 2313 ‚p—ne
1526 2232 1679 2323 laeti.
1692 2252 1957 2333 ,excessu
2010 2235 2193 2317 prin-

367 2340 518 2421 cipis
541 2358 658 2402 neu
680 2340 878 2403 tristes
893 2314 1273 2422 primeriliof
1253 2326 1581 2411 ἵῖάένίητᾴὃ
1582 2328 1919 2426 &aucarum
1948 2346 2193 2423 questus

368 2442 782 2505 adulationem
834 2442 1200 2525 miscebant-,⁸
1209 2441 1393 2539 ⁶3ubi:
1374 2447 1581 2542 &Q
1594 2448 1707 2527 :et
1748 2441 1783 2504 I
1831 2444 1868 2505 5
1888 2467 1913 2504 6
1966 2442 2195 2507 multas

370 2546 494 2609 illic
540 2546 846 2631 utrimque
889 2546 1202 2609 lacrimas
1213 2516 1285 2609 “et
1308 2517 1503 2629 siqiid
1516 2525 1815 2626 ‘cai-itatis,
1859 2547 1969 2611 ubi
1996 2546 2197 2619 fuisse

370 2651 880 2747 intellegendum
928 2650 1131 2735 est)-,
1126 2628 1325 2717 *fium-
1321 2635 1649 2759 ᾳτὸἓῴξρξ
1631 2651 2008 2735 ·p‹}terimus
2056 2648 2190 2713 duo

372 2756 482 2820 illa
565 2763 710 2819 sunt
776 2756 840 2835 (Ι
900 2757 930 2817 1
975 2754 1124 2835 10):
1168 2727 1293 2819 sed
1326 2732 1571 2817 veteris·
1586 2741 1836 2837 pupuli
1905 2752 2198 2835 Romani,

361 2880 667 2944 prospera
723 2860 812 2923 vel
865 2858 1125 2923 adversa
1179 2859 1366 2923 claris
1421 2859 1814 2941 scriptoribus
1857 2866 2198 2923 memorata

371 2965 578 3047 sunt3
639 2966 1003 3049 temporibus
1059 2964 1189 3050 qu[
1179 2986 1298 3049 oqu
1290 2964 1335 3047 ]
1338 2986 1367 3029 e
1421 2966 1692 3048 Auqusti
1745 2963 2014 3029 dicendis
2069 2986 2193 3029 non

371 3069 623 3155 defuere
679 3070 893 3135 decora
952 3070 1199 3154 inqenia
1215 3118 1233 3149 ,
1295 3068 1476 3133 donec
1526 3070 1801 3153 qliscente
1845 3069 2198 3133 adulatione

370 3175 815 3240 deterrerentur
828 3196 849 3238 .·
899 3173 1131 3237 Tiberii
1166 3173 1403 3259 Gaique
1437 3180 1490 3237 et
1528 3172 1781 3236 Claudii
1822 3192 1895 3235 ac
1930 3171 2198 3235 Neronis

370 3300 468 3343 res
516 3279 883 3361 florentibus
946 3279 1096 3362 ipsis
1155 3278 1224 3341 ob
1287 3285 1512 3343 metum
1559 3277 1775 3359 falsae
1786 3327 1805 3359 ‚
1866 3284 2197 3361 postquam

370 3384 738 3463 occiderant,
790 3383 1121 3449 recentibus
1163 3382 1319 3447 odiis
1362 3384 1717 3466 compositae
1762 3384 1932 3447 sunt
1992 3381 2197 3466 ipsius
