2467 3900
392 240 505 296 242
1045 243 1325 284 connnnn
1351 245 1547 285 norm

397 402 674 489 desque,
746 402 899 467 dum
964 403 1243 468 strenuis
1306 404 1539 467 adsunt
1601 408 1713 466 aut
1777 402 2243 468 dubitantibus

325 532 375 570 15
394 508 801 589 subveniunt,
849 508 1182 590 conspicui
1230 527 1440 592 eoque
1486 507 1689 591 gnari,
1743 508 2028 572 clamore
2078 509 2245 573 telis

395 612 578 696 equis
639 619 1059 694 concurrunt,
1119 613 1461 676 instantius
1507 613 2005 696 Pharasmanes3
2074 636 2242 678 nam

395 717 628 782 vulnus
685 737 804 802 per
865 717 1122 800 galeam
1188 717 1430 801 adegit.
1537 738 1659 781 nec
1720 718 1955 780 iterare
2018 717 2247 782 valuit

393 821 718 905 praelatus
787 841 954 905 equo
1027 827 1094 885 et
1155 821 1521 885 fortissimis
1586 820 1934 885 satellitum
2000 831 2240 906 prote-

394 924 694 1009 gentibus
753 925 1076 989 saucium:
1135 926 1309 989 fama
1365 933 1583 991 tamen
1630 927 1826 990 occisi
1870 926 2031 990 falso
2084 948 2239 992 cre-

325 1028 528 1093 mdita
575 1029 892 1093 exterruit
933 1029 1210 1094 Parthos
1259 1031 1723 1116 victoriamque
1771 1045 2184 1098 concessere.

524 1135 630 1198 36.
689 1132 853 1196 Mox
884 1131 1257 1198 Artabanus
1289 1141 1429 1198 tota
1461 1137 1633 1201 mole
1663 1137 1850 1220 regni
1885 1138 2095 1200 ultum
2130 1136 2238 1200 iit.

393 1238 625 1323 peritia
660 1236 955 1301 locorum
992 1237 1072 1300 ab
1103 1237 1370 1302 Hiberis
1401 1239 1633 1302 melius
1665 1244 2054 1324 pugnatum3
2103 1260 2237 1303 nee

323 1395 326 1400 .
391 1342 542 1408 ideo
587 1341 999 1424 abscedebat,
1047 1342 1114 1407 ni
1146 1343 1491 1407 contractis
1521 1343 1888 1427 legionibus
1918 1343 2236 1408 Vitellius

393 1453 460 1510 et
505 1444 763 1509 subdito
814 1466 1109 1526 rumore,
1161 1452 1487 1530 tamquam
1532 1447 2079 1531 Mesopotamiam
2124 1447 2234 1510 in-

347 1565 682 1631 5vasurus,
714 1555 959 1612 metum
980 1549 1263 1613 Romani
1293 1550 1449 1614 belli
1479 1550 1759 1614 fecisset.
1812 1556 1952 1616 tum
1984 1552 2237 1615 omissa

389 1652 706 1719 Armenia
764 1673 1120 1739 versaeque
1178 1653 1496 1718 Artabani
1558 1676 1663 1720 res
1728 1655 2058 1720 inliciente
2104 1655 2233 1720 Vi-

389 1758 571 1824 tellio
631 1756 1008 1824 desererent
1070 1779 1298 1842 regem
1356 1778 1621 1822 saevum
1670 1759 1738 1822 in
1782 1780 1942 1843 pace
1991 1765 2057 1824 et
2104 1758 2229 1822 ad-

390 1864 592 1929 versis
612 1864 1009 1948 proeliorum
1036 1864 1404 1928 exitiosum.
1452 1863 1651 1946 igitur
1670 1862 1999 1946 Sinnaces,
2023 1883 2229 1947 quem

389 1975 582 2035 antea
638 1969 960 2034 infensum
1021 1969 1409 2049 memoravi,
1470 1973 1720 2052 patrem
1779 1966 2227 2051 Abdagaesen

322 2096 374 2136 10
391 2074 683 2157 aliosque
734 2073 1022 2137 occultos
1069 2072 1319 2136 consilii
1365 2077 1432 2135 et
1476 2077 1629 2136 tunc
1666 2066 2232 2135 continuis'cladi-

389 2177 508 2241 bus
546 2177 978 2262 promptiores
1027 2175 1109 2240 ad
1149 2175 1582 2240 defectionem
1612 2175 1829 2258 trahit,
1875 2175 2226 2240 adfluenti-

388 2283 508 2346 bus
553 2282 866 2366 paulatim
912 2281 1020 2365 qui
1064 2287 1243 2344 metu
1288 2281 1493 2365 magis
1535 2302 1725 2365 quam
1760 2280 2232 2345 benevolentia

389 2386 662 2450 subiecti
713 2385 992 2469 repertis
1050 2384 1427 2448 auctoribus
1477 2384 1871 2448 sustulerant
1917 2384 2231 2448 animum.

389 2510 512 2555 nec
553 2489 685 2551 iam
729 2488 904 2551 aliud
935 2486 1267 2552 Artabano
1314 2487 1639 2571 reliquum
1676 2508 1869 2571 quam
1906 2488 2074 2573 siqui
2105 2509 2229 2552 ex-

324 2613 372 2652 15
389 2600 722 2658 ternorum
767 2592 1025 2675 corpori
1071 2590 1375 2655 custodes
1422 2590 1728 2674 aderant,
1776 2590 1905 2654 suis
1952 2590 2231 2676 quisque

391 2697 652 2763 sedibus
699 2702 1010 2780 extorres,
1057 2697 1199 2781 quis
1245 2716 1454 2780 neque
1495 2695 1651 2760 boni
1697 2695 2063 2760 intellectus
2107 2715 2229 2758 ne-

390 2824 516 2889 que
583 2802 735 2866 mali
797 2823 981 2879 cura,
1057 2801 1172 2867 sed
1240 2799 1545 2865 mercede
1626 2801 1886 2863 aluntur
1950 2799 2235 2863 ministri

391 2907 757 2974 sceleribus.
822 2907 922 2971 his
964 2906 1322 2991 adsumptis
1358 2906 1425 2968 in
1465 2903 1819 2987 longinqua
1860 2907 1927 2965 et
1964 2906 2228 2966 conter-

394 3012 568 3077 mina
611 3010 911 3095 Scythiae
955 3010 1174 3095 fugam
1219 2993 1567 3074 maturavit
1612 3027 1727 3091 spe
1774 3006 2018 3088 auxilii,
2074 3005 2231 3089 quia

329 3114 716 3199 20Hyrcanis
764 3112 1250 3197 Carmaniisque
1310 3133 1430 3197 per
1490 3110 1894 3175 adfinitatem
1946 3110 2231 3174 innexus

398 3224 567 3283 erat:
643 3223 834 3302 atque
909 3217 1167 3281 interim
1241 3237 1434 3302 posse
1503 3216 1783 3280 Parthos
1859 3214 2230 3279 absentium

397 3341 672 3406 aequos,
737 3318 1178 3404 praesentibus
1233 3320 1539 3402 mobileS,
1610 3318 1692 3383 ad
1751 3318 2231 3402 paenitentiam

407 3425 662 3488 mutari.
