2467 3900
351 218 426 273 14
1011 217 1289 262 CORNELII
1315 223 1509 262 TAGITI

343 380 601 444 fiebant.
681 400 889 464 neque
922 381 1198 465 populus
1230 381 1601 466 ademptum
1636 383 1734 447 ius
1765 387 2025 466 questus
2066 388 2169 446 est

302 483 466 548 5nisi
539 483 713 548 inani
786 497 1049 549 'rumore
1118 489 1182 548 et
1253 489 1513 548 senatus
1576 485 2022 569 largitionibus
2090 506 2167 548 ac

344 588 640 671 precibus
687 587 963 652 sordidis
1009 590 1346 666 exsolutus
1402 589 1607 653 libens
1652 590 1892 671 tenuit,
1937 587 2164 652 mode-

341 697 525 756 rante
556 690 813 754 Tiberio
856 711 938 756 ne
980 692 1199 775 plures
1228 712 1421 776 quam
1452 697 1756 776 quattuor
1786 691 2165 756 candidatos

342 794 824 860 commendaret
865 795 1001 858 sine
1035 794 1295 879 repulsa
1334 800 1399 860 et
1429 794 1671 859 ambitu
1703 794 2162 877 designandos,

340 898 508 962 inter
567 919 730 983 quae
794 898 1031 963 tribuni
1102 898 1320 983 plebei
1389 898 1680 983 petivere
1755 904 1827 962 ut
1897 899 2161 984 proprio

271 1032 322 1070 10
340 1009 599 1087 sumptu
657 1003 927 1069 ederent
980 1002 1204 1084 ludos,
1266 1003 1376 1087 qui
1432 1003 1514 1067 de
1573 1004 1835 1067 nomine
1880 1004 2163 1089 Augusti

337 1107 514 1171 fastis
559 1106 764 1171 additi
804 1104 1198 1191 Augustales
1244 1112 1648 1170 vocarentur.
1740 1109 1857 1171 sed
1902 1107 2167 1172 decreta

337 1211 611 1294 pecunia
650 1231 736 1274 ex
780 1210 1026 1275 aerario
1084 1217 1283 1293 utque
1340 1231 1457 1295 per
1504 1211 1743 1275 circum
1788 1211 2162 1294 triumphali

337 1320 516 1378 veste
547 1319 914 1378 uterentur:
948 1334 1136 1378 curru
1160 1313 1311 1392 vehi
1341 1313 1513 1378 haud
1541 1314 1945 1398 permissum.
2005 1336 2163 1379 mox

337 1416 686 1482 celebratio
736 1418 894 1482 abiit
938 1417 1020 1482 ad
1060 1423 1463 1502 praetorem,
1511 1419 1613 1481 cui
1659 1418 1825 1481 inter
1872 1418 2046 1492 cives
2092 1425 2161 1481 et

267 1521 714 1605 1'5peregrinos
761 1521 1114 1586 iurisdictio
1165 1524 1508 1587 evenisset.

470 1627 568 1689 16.
633 1625 762 1689 Hic
807 1645 1023 1690 rerum
1081 1627 1471 1711 urbanarum
1531 1634 1732 1691 status
1780 1633 1947 1708 erat,
2012 1647 2158 1690 cum

333 1729 740 1794 Pannonicas
783 1729 1078 1814 legiones
1125 1730 1357 1795 seditio
1404 1733 1684 1813 incessit,
1740 1732 1929 1794 nullis
1974 1732 2160 1795 novis

337 1834 561 1918 causis,
606 1835 728 1899 nisi
760 1835 933 1921 quod
980 1832 1263 1901 'mutatus
1309 1837 1610 1921 princeps
1654 1836 1980 1899 licentiam
2027 1841 2161 1899 tur-

332 1938 653 2004 barumet
682 1961 766 2004 ex
798 1939 971 2004 civili
1006 1940 1179 2005 bello
1226 1962 1412 2026 spem
1455 1940 1891 2025 praemiorum
1939 1943 2157 2004 osten-

334 2039 549 2107 debat.
640 2045 864 2108 castris
909 2045 1171 2109 aestivis
1211 2052 1344 2109 tres
1385 2046 1573 2109 simul
1618 2044 1913 2128 legiones
1958 2044 2158 2108 habe-

330 2149 579 2235 bantur,
626 2150 1038 2233 praesidente
1066 2149 1259 2214 Iunio
1290 2150 1549 2230 Blaes0,
1583 2149 1691 2233 qui
1720 2150 1847 2214 fine
1876 2149 2159 2233 Augusti

332 2257 397 2318 et
441 2252 640 2315 initiis
670 2251 910 2316 Tiberii
947 2252 1182 2318 auditis
1227 2254 1659 2317 intermiserat
1696 2253 1887 2317 solita
1917 2254 2155 2317 munia.

332 2376 412 2421 eo
460 2356 778 2441 principio
825 2356 1119 2420 lascivire
1165 2356 1385 2438 miles,
1434 2356 1836 2439 discordare,
1893 2358 2159 2441 pessimi

333 2460 639 2545 cuiusque
714 2462 1115 2526 sermonibus
1180 2461 1495 2545 praebere
1572 2481 1796 2543 aures,
1877 2460 2155 2545 denique

263 2590 315 2629 ιο
331 2565 557 2629 luxum
605 2570 670 2629 et
717 2565 918 2630 otium
968 2586 1202 2650 cupere
1225 2615 1242 2648 ,
1288 2566 1691 2650 disciplinam
1738 2573 1804 2629 et
1865 2566 2156 2630 laborem

334 2670 682 2754 aspernari.
790 2675 929 2733 erat
989 2668 1056 2733 in
1131 2669 1355 2743 castris
1412 2668 1807 2733 Percennius
1871 2670 2155 2754 quidam,

335 2773 468 2837 dux
515 2774 668 2838 olim
725 2774 1129 2838 theatralium
1177 2794 1549 2859 operarum,
1610 2773 1761 2838 dein
1819 2776 2156 2859 gregarius

336 2878 538 2961 miles,
586 2899 830 2963 procax
874 2878 1094 2963 lingua
1121 2885 1188 2943 et
1230 2879 1502 2943 miscere
1535 2888 1759 2944 coetus
1787 2880 2157 2945 histrionali

334 2982 546 3048 studio
611 2982 856 3047 doctus.
945 2983 1000 3047 is
1057 2984 1368 3067 inperitos
1426 2984 1676 3047 animos
1727 2992 1792 3049 et
1834 3006 2153 3069 quaenam

263 3106 313 3144 15
330 3091 482 3169 post
524 3085 890 3171 Augustum
949 3087 1218 3151 militiae
1266 3087 1561 3152 condicio
1608 3089 2009 3172 ambigentes
2053 3090 2153 3179 inf-

331 3190 573 3273 pellere
631 3191 941 3275 paulatim
1003 3192 1333 3256 nocturnis
1393 3192 1750 3276 conloquiis
1812 3201 1931 3261 aut.
1976 3194 2148 3257 flexo

329 3291 396 3357 in
425 3314 764 3378 vesperam
801 3293 906 3359 die
941 3302 1007 3359 et
1040 3294 1300 3379 dilapsis
1332 3296 1704 3363 melioribus
1735 3298 2153 3363 deterrimum

332 3416 651 3483 quemque
699 3417 1117 3481 congregare.
