2467 3900
313 219 424 276 196
962 224 1239 264 CORNELII
1264 223 1461 264 mern

243 405 296 446 20
311 382 439 446 iam
483 382 632 446 luce
675 387 927 446 trusere
972 382 1040 446 in
1085 402 1337 446 summa
1381 380 1659 464 castelli,
1718 381 1829 444 ubi
1872 380 2141 446 tandem

313 491 540 549 coacta
585 484 853 549 deditio.
930 491 996 550 et
1031 485 1331 569 proxima
1376 489 1607 569 sponte
1643 485 1997 549 incolarum
2033 506 2140 550 re-

314 596 534 674 cepta:
593 589 894 673 reliquie,
953 609 1079 672 quo
1140 588 1352 652 minus
1398 589 1464 652 vi
1508 594 1620 652 aut
1666 588 1916 652 obsidio
1965 589 2140 654 subiss

313 698 653 778 gerentur,
740 698 1147 778 praematura
1211 692 1449 756 montis
1513 691 1753 756 Haemi
1820 696 1886 756 et
1950 713 2144 757 saeva

317 799 524 863 hiems
569 798 887 863 subvenit.

447 902 548 965 52.
612 900 703 966 At
748 902 999 968 Romae
1061 906 1384 968 commota
1428 902 1735 987 principis
1781 901 2006 986 dom0,
2069 909 2145 967 ut

317 1006 515 1070 series
538 1005 735 1070 futuri
758 1007 823 1070 in
842 1005 1273 1091 Agrippinam
1300 1006 1481 1070 exitii
1502 1006 1838 1090 inciperet,
1874 1006 2145 1071 Claudia

315 1109 596 1174 Pulchra
618 1109 875 1174 sobrina
898 1109 1260 1194 postulatur
1281 1116 1618 1174 accusante
1642 1111 1934 1177 Domitio
1958 1109 2143 1178 Afro.

231 1245 252 1270 ο
315 1213 372 1278 is
407 1233 634 1278 recens
670 1218 990 1298 praetura,
1035 1212 1329 1277 modicus
1364 1212 1753 1296 dignationis
1786 1220 1854 1278 et
1883 1235 2141 1300 quoquo

277 1318 600 1383 ⁵faeinore
646 1337 966 1402 properus
998 1318 1375 1400 clarescere,
1424 1316 1786 1382 adulterum
1811 1319 2147 1402 Furnium,

318 1423 632 1489 veneficia
685 1422 753 1485 in
810 1420 1170 1504 principem
1219 1428 1287 1485 et
1333 1420 1715 1486 devotiones
1762 1421 2149 1487 obiectabat.

317 1527 682 1613 Agrippina
711 1547 968 1611 semper
1012 1532 1224 1608 atroX,
1270 1531 1408 1590 tum
1441 1532 1505 1591 et
1544 1525 1833 1610 periculo
1879 1527 2147 1613 propin-

321 1653 485 1718 quae
533 1651 824 1711 accensa,
871 1629 1085 1715 pergit
1130 1628 1214 1693 ad
1244 1628 1575 1694 Tiberium
1618 1649 1695 1693 ac
1738 1629 1906 1694 forte
1952 1632 2147 1696 sacri-

319 1737 618 1801 ficantem
663 1735 830 1820 patri
883 1736 1192 1820 repperit.
1282 1755 1410 1819 quo
1457 1735 1641 1800 initio
1688 1733 1971 1800 invidiae
2015 1757 2150 1801 non

253 1863 304 1903 10
324 1839 616 1905 eiusdem
672 1839 764 1904 ait
819 1845 1100 1904 mactare
1160 1839 1311 1903 divo
1370 1838 1671 1922 Augusto
1728 1839 2023 1905 victimas
2083 1846 2151 1905 et

319 1951 621 2030 posteros
663 1943 985 2009 insectari.
1061 1964 1196 2008 non
1222 1943 1292 2007 in
1324 1942 1569 2027 effigies
1605 1952 1813 2008 mutas
1860 1943 2151 2011 divinum

322 2049 616 2136 spiritum
645 2050 1068 2115 transfusum:
1116 2068 1184 2113 se
1215 2049 1566 2133 imaginem
1595 2068 1836 2131 veram,
1883 2051 2151 2115 caelesti

321 2154 634 2237 sanguine
683 2158 920 2233 ortam,
965 2150 1350 2234 intellegere
1397 2151 1742 2217 discrimen
1758 2202 1774 2234 ,
1820 2154 2149 2239 suscipere

320 2256 570 2322 sordes.
627 2254 862 2333 frustra
881 2254 1229 2319 Pulchram
1258 2255 1631 2340 praescribi,
1672 2256 1775 2320 cui
1805 2257 1945 2320 sola
1970 2258 2151 2322 exitii

252 2379 302 2417 15
322 2380 516 2425 causa
581 2360 666 2424 sit
733 2359 910 2445 quod
977 2360 1409 2445 Agrippinam
1473 2361 1669 2427 stulte
1736 2382 1997 2446 prorsus
2067 2364 2153 2429 ad

324 2464 566 2529 cultum
613 2463 936 2547 delegerit
967 2464 1166 2529 oblita
1197 2463 1422 2529 Sosiae
1456 2464 1539 2529 ob
1572 2464 1803 2531 eadem
1832 2467 2150 2534 adflictae.

321 2566 543 2630 audita
586 2565 750 2631 haec
783 2588 994 2633 raram
1028 2568 1264 2633 occulti
1293 2569 1577 2653 pectoris
1606 2590 1836 2635 vocem
1869 2572 2153 2637 elicuere

323 2676 814 2758 correptamque
865 2671 1116 2738 Graeco
1176 2692 1369 2737 versu
1427 2672 1765 2737 admonuit
1818 2696 1953 2741 non
1997 2676 2150 2740 ideo

322 2773 528 2855 laedi,
587 2775 738 2856 quia
794 2796 928 2839 non
982 2781 1304 2859 regnaret.
1406 2774 1689 2841 Pulchra
1746 2783 1813 2842 et
1871 2778 2153 2843 Furnius

255 2876 729 2943 wdamnantur.
830 2877 991 2944 Afer
1052 2879 1443 2964 primoribus
1504 2884 1835 2959 oratorum
1893 2881 2153 2947 additus

327 2980 658 3067 divulgato
715 2982 981 3067 ingenio
1042 2988 1109 3047 et
1167 2988 1389 3047 secuta
1442 2982 1938 3049 adseveratione
1987 2985 2153 3051 an-

327 3087 506 3170 saris,
553 3106 680 3171 qua
723 3108 840 3152 suo
871 3086 1012 3151 iure
1045 3086 1358 3149 disertum
1390 3103 1536 3149 eum
1568 3086 1941 3171 appellavit.
1996 3110 2153 3155 mox

328 3191 788 3277 cappessendis
831 3188 1351 3255 accusationibus
1380 3195 1492 3251 aut
1520 3209 1670 3253 reos
1696 3190 1968 3256 tutando
2000 3213 2153 3277 pro-

327 3296 617 3379 speriore
665 3294 1076 3379 eloquentiae
1107 3312 1298 3377 quam
1334 3311 1584 3356 morum
1630 3293 1801 3357 fama
1843 3295 1984 3379 fuit,
2026 3297 2154 3361 nisi

260 3423 311 3462 25
329 3396 507 3480 quod
565 3404 740 3462 aetas
801 3403 1092 3462 extrema
1147 3398 1422 3461 multum
1478 3398 1673 3460 etiam
1740 3399 2153 3484 eloquentiae
