2467 3900
650 212 725 252 AB
753 211 1006 252 EXOESSU
1036 211 1166 251 DIVI
1193 209 1451 252 AUGUSTI
1477 209 1523 249 11
1551 209 1717 250 w—so.
1981 205 2091 264 107

264 376 419 440 bant
452 375 769 459 utrimque
801 373 1033 440 infensi
1063 394 1242 436 arma
1271 373 1478 456 primo
1512 370 1895 457 expediere:
1945 371 2094 437 dein

266 484 489 542 mutua
531 477 873 542 formidine
917 498 1052 543 non
1081 476 1251 542 ultra
1279 477 1556 560 iurgium
1587 497 1961 562 processum
1997 482 2096 542 est

262 583 640 667 Marsusque
687 583 1004 647 nuntiavit
1048 581 1272 647 Pisoni
1299 580 1578 652 Romam
1624 580 1704 645 ad
1756 579 2140 646 dicendam5

268 709 523 752 causam
551 687 825 751 veniret.
898 686 1005 750 ille
1042 685 1312 751 eludens
1342 685 1677 771 respondit
1707 685 2092 768 adfuturum,

264 792 376 857 ubi
405 797 684 876 praetor,
733 791 841 875 qui
874 788 953 854 de
987 791 1318 856 veneficiis
1351 796 1709 876 quaereret,
1754 813 1868 857 reo
1903 799 2094 876 atque

264 897 745 963 accusatoribus
794 895 965 960 diem
996 895 1410 979 prodixisset·.
1479 895 1736 960 interim
1765 895 2094 960 Domitius

262 1000 634 1066 Laodiciam
692 1002 923 1066 urbem
969 1000 1190 1084 Syriae
1238 998 1575 1084 adpulsus,
1637 1021 1780 1065 cum
1827 1001 2096 1066 hiberna

265 1110 490 1169 sextae
536 1104 812 1189 legionis
855 1108 1130 1187 peteret,
1178 1102 1356 1188 quod
1402 1123 1545 1168 eam
1587 1102 1868 1168 maxime
1909 1105 2094 1171 novis
2117 1125 2166 1164 ιο

264 1209 551 1274 consiliis
594 1207 897 1274 idoneam
943 1206 1223 1290 rebatur,
1272 1229 1309 1271 a
1335 1206 1620 1271 Pacuvio
1658 1208 1873 1292 legato
1907 1228 2092 1293 prae-

265 1316 538 1379 venitur.
614 1313 684 1378 id
716 1312 971 1377 Sentius
1002 1312 1231 1376 Pisoni
1274 1332 1390 1396 per
1434 1311 1684 1376 litteras
1715 1311 1923 1397 aperit
1953 1332 2091 1376 mo-

263 1424 501 1503 netque
562 1439 647 1482 ne
711 1423 917 1482 castra
980 1415 1494 1500 corruptoribUS,
1553 1436 1637 1500 ne
1697 1416 2090 1500 provinciam

264 1523 436 1587 bello
484 1528 779 1607 temptet.
869 1542 1158 1611 quosque
1208 1521 1577 1587 Germanici
1620 1542 1942 1587 memores
1983 1509 2094 1586 aut

264 1629 538 1692 inimicis
584 1629 723 1693 eius
756 1627 1063 1692 adversos
1108 1631 1524 1709 cognoverat,
1573 1625 1910 1708 contrahit,
1957 1643 2165 1690 ma-15

266 1730 670 1817 gnitudinem
698 1731 1104 1816 imperatoris
1135 1729 1492 1795 identidem
1524 1731 1826 1815 ingerens
1861 1736 1925 1794 et
1953 1750 2092 1794 rem

266 1836 589 1922 publicam
646 1835 839 1900 armis
896 1834 1065 1919 peti3
1133 1832 1435 1918 ducitque
1495 1834 1776 1899 validam
1832 1854 2093 1898 manum

268 1946 335 2004 et
377 1941 629 2026 proelio
676 1946 988 2027 paratam.

396 2046 500 2109 80.
563 2045 704 2111 Nec
741 2046 915 2127 Piso,
964 2066 1351 2130 quamquam
1399 2050 1632 2129 coepta
1677 2064 1863 2108 secus
1911 2043 2096 2108 cade·

266 2147 438 2230 bant,
472 2149 687 2213 omisit
716 2148 1035 2214 tutissima
1062 2169 1096 2213 e
1121 2148 1589 2232 praesentibuS,
1621 2148 1738 2213 sed
1765 2149 2098 2214 castellum

270 2252 533 2318 Ciliciae
560 2252 875 2317 munitum
904 2251 1278 2335 admodum,
1309 2252 1410 2317 cui
1434 2274 1670 2318 nomen
1698 2250 2096 2336 Celenderis,

270 2364 568 2443 occupat3
594 2379 744 2422 nam
770 2356 1076 2421 admixtis
1103 2357 1544 2422 desertoribus
1569 2363 1636 2423 et
1658 2358 1869 2423 tirone
1892 2378 2099 2443 nuper

264 2461 626 2546 intercepto
682 2460 939 2546 suisque
1001 2466 1066 2525 et
1115 2460 1465 2525 Plancinae
1525 2461 1800 2527 servitiis
1859 2463 2141 2528 auxilias

270 2566 558 2649 Cilicum,
607 2587 772 2651 quae
817 2566 1029 2650 reguli
1059 2566 1383 2647 miserant,
1425 2566 1491 2630 in
1520 2587 1860 2631 numerum
1890 2566 2096 2651 legio·-

264 2671 363 2736 nis
411 2676 886 2755 composuerat.
982 2668 1403 2753 Caesarisque
1451 2690 1521 2733 se
1568 2670 1855 2755 legatum
1901 2675 2097 2734 testa-

263 2777 453 2842 batur
498 2775 861 2859 provincia,
922 2796 1112 2861 quam
1158 2776 1213 2839 is
1262 2773 1579 2857 dedisset,
1636 2774 1839 2840 arceri
1883 2796 2018 2842 non
2061 2797 2099 2838 a

263 2870 627 2966 legionibus
688 2878 939 2961 (earum
1000 2880 1239 2963 quippe
1301 2878 1510 2943 accitu
1554 2876 1838 2959 venire),
1900 2876 2017 2942 sed
2062 2900 2100 2943 a

264 2983 490 3049 Sentio
537 2984 859 3069 privatum
908 2981 1125 3047 odium
1158 2980 1351 3062 ‚falsis
1403 2982 1768 3048 criminibus
1813 2988 2095 3067 tegente.
2119 3008 2170 3047 10

268 3088 694 3152 consisterent
738 3086 806 3151 in
837 3088 995 3170 acie,
1042 3107 1174 3150 non
1201 3087 1583 3173 pugnaturis
1616 3087 1943 3169 militibus,
1989 3088 2100 3152 ubi

265 3193 569 3258 Pisonem
618 3192 697 3257 ab
742 3192 897 3277 ipsis
942 3197 1279 3277 parentem
1324 3190 1650 3275 quondam
1681 3191 2099 3276 appellatum,

268 3297 321 3360 si
352 3292 497 3362 iure
524 3306 844 3384 ageretur,
880 3298 1223 3383 potiorem,
1258 3297 1312 3361 si
1344 3296 1553 3378 armis,
1585 3319 1716 3362 non
1748 3295 2100 3361 invalidum

266 3399 599 3467 vidissent.
675 3408 810 3467 tum
856 3421 973 3487 pro
1020 3400 1433 3465 munimentis
1466 3400 1710 3465 castelli
1740 3400 2100 3485 manipulos
