2467 3900
354 281 465 338 174
1010 281 1288 326 oonnnnn
1315 285 1511 326 'mern

350 443 728 510 vincialibus
773 464 1046 506 uxorum
1096 441 1466 507 criminibus
1508 443 1779 527 perinde
1818 462 2008 529 quam
2045 444 2179 508 suis

284 571 335 610 25
352 551 813 636 plecterentur.

482 656 587 718 21.
650 652 893 718 Actum
939 652 1175 718 dehinc
1220 653 1304 716 de
1351 652 1699 738 Calpurnio
1744 653 2006 735 Pisone,
2054 674 2174 717 no-

351 757 469 822 bili
524 778 600 821 ac
656 755 858 821 feroci
901 755 1063 820 viro.
1151 755 1206 819 is
1251 776 1558 839 namque,
1616 761 1686 820 ut
1726 756 1978 834 rettuli,
2037 777 2178 820 ces-

356 882 574 928 surum
618 880 689 925 se
719 862 879 925 urbe
916 859 998 925 ob
1035 860 1347 924 factiones
1377 844 1818 925 accusatorum
1848 859 1915 924 in
1947 867 2176 925 senatu

356 965 796 1029 clamitaverat
842 970 908 1029 et
952 970 1171 1049 spreta
1212 963 1508 1049 potentia
1537 962 1874 1049 Augustae
1919 963 2178 1030 trahere

314 1071 420 1134 sin
451 1070 550 1134 ius
586 1069 1007 1156 Urgulaniam
1043 1069 1368 1154 domoque
1401 1068 1704 1154 principis
1737 1069 1952 1135 excire
1985 1089 2177 1133 ausus

358 1180 515 1238 erat.
588 1193 754 1257 quae
799 1172 867 1237 in
908 1193 1217 1257 praesens
1258 1173 1554 1239 Tiberius
1601 1167 1874 1240 civiliter
1917 1175 2175 1239 habuit:

359 1279 475 1344 sed
518 1279 587 1342 in
631 1280 845 1343 animo
890 1280 1271 1344 revolvente
1316 1279 1477 1361 iras,
1539 1280 1735 1344 etiam
1783 1279 1837 1343 si
1896 1280 2178 1364 impetus

362 1383 732 1448 offensionis
775 1382 1134 1466 languerat,
1178 1383 1491 1447 memoria
1534 1382 1811 1448 valebat.
1871 1383 2178 1447 Pisonem

360 1486 439 1562 Q.
487 1485 764 1550 Granius
822 1486 1060 1551 secreti
1116 1487 1430 1551 sermonis
1475 1486 1791 1552 incusavit
1835 1485 2179 1552 adversum

290 1614 339 1652 10
357 1592 761 1656 maiestatem
801 1589 1005 1656 habiti
1051 1589 1416 1674 adiecitque
1457 1590 1527 1654 in
1565 1589 1754 1656 domo
1805 1591 1944 1655 eius
1978 1612 2172 1656 vene-

296 1739 305 1748 ·
358 1717 510 1760 num
543 1714 686 1760 esse
710 1715 987 1779 eumque
1005 1693 1225 1778 gladio
1247 1695 1603 1760 accinctum
1624 1695 1892 1760 introire
1915 1696 2174 1759 curiam.

359 1800 533 1886 quod
562 1805 635 1864 ut
662 1800 943 1863 atrocius
974 1818 1131 1862 vero
1163 1798 1557 1862 tramissum:
1599 1803 1980 1880 ceterorum,
2011 1819 2174 1881 quae

358 1906 561 1971 multa
591 1903 1097 1986 cumulabantur,
1142 1907 1444 1989 receptus
1475 1909 1574 1968 est
1603 1924 1753 1969 reus
1783 1925 1994 1989 neque
2030 1925 2178 1990 per-

361 2017 537 2085 actus
602 2009 683 2075 ob
746 2016 1025 2075 mortem
1088 2003 1538 2094 opportunam.
1626 2010 1902 2074 relatum
1965 2016 2030 2073 et
2093 2009 2176 2072 de

290 2141 341 2180 ιε
362 2116 583 2181 Cassio
618 2114 861 2179 Severo
904 2114 1115 2193 exule,
1162 2114 1273 2198 qui
1317 2112 1619 2179 sordidae
1651 2114 1935 2197 originis,
1979 2114 2176 2177 male-

359 2219 516 2284 ficae
562 2218 765 2301 vitae,
824 2218 940 2281 sed
988 2216 1214 2281 orandi
1272 2217 1522 2282 validus
1541 2268 1558 2298 ,
1623 2238 1740 2303 per
1796 2216 2180 2281 immodicas

359 2322 723 2389 inimicitias
768 2327 841 2386 ut
882 2320 1119 2386 iudicio
1167 2321 1358 2385 iurati
1407 2330 1666 2387 senatus
1703 2321 1964 2387 Cretam
1999 2342 2178 2385 amo-

359 2433 620 2493 veretur
652 2426 987 2506 effecerat3
1036 2432 1230 2510 atque
1275 2425 1408 2489 illic
1453 2424 1685 2491 eadem
1716 2424 2044 2489 actitando
2075 2445 2177 2489 re-

364 2531 575 2596 centia
617 2536 965 2613 veteraque
1032 2530 1181 2595 odia
1232 2529 1510 2594 advertit
1565 2530 1878 2614 bonisque
1926 2537 2179 2610 exutus,

291 2659 343 2699 20
360 2633 703 2700 interdicto
734 2634 867 2718 igni
898 2639 1090 2720 atque
1123 2654 1309 2717 aqua,
1343 2654 1500 2699 saxo
1521 2633 1795 2719 Seripho
1823 2633 2177 2699 consenuit.

492 2740 596 2804 2‘2.
659 2740 787 2805 Per
821 2740 997 2804 idem
1037 2743 1295 2823 tempus
1326 2737 1618 2802 Plautius
1649 2737 1944 2802 Silvanus
1989 2758 2178 2823 prae-

360 2851 465 2909 tor
506 2845 766 2910 incertis
814 2844 1019 2909 causis
1061 2842 1422 2927 Aproniam
1482 2841 1822 2925 coniugem
1881 2842 1948 2905 in
1993 2862 2180 2925 prae-

362 2970 514 3033 ceps
559 2950 713 3013 iecit
754 2953 1123 3029 tractusque
1170 2944 1254 3009 ad
1287 2945 1629 3010 Gaesarem
1661 2948 1741 3012 ab
1771 2946 1848 3011 L.
1880 2945 2176 3031 Apronio

360 3072 585 3117 socero
648 3051 903 3115 turbata
958 3054 1176 3115 mente
1230 3048 1597 3133 respondit,
1655 3056 1982 3142 tamquam
2038 3052 2179 3135 ipse

306 3184 343 3223 ⁵
360 3178 587 3222 somno
651 3156 865 3241 gravis
926 3162 1119 3238 atque
1147 3194 1153 3203 ι
1178 3174 1260 3219 co
1319 3153 1580 3236 ignarus
1626 3162 1692 3219 et
1735 3176 1902 3220 uxor
1949 3163 2176 3242 sponte

360 3268 635 3327 mortem
672 3259 1064 3344 sumpsisset.
1127 3278 1261 3324 non
1301 3264 1676 3323 cunctanter
1706 3259 2000 3325 Tiberius
2029 3281 2176 3346 per-

361 3367 455 3450 git
497 3368 567 3430 in
612 3365 895 3445 domum,
939 3364 1090 3427 visit
1122 3363 1502 3445 cubiculum,
1551 3364 1617 3427 in
1649 3384 1774 3449 quo
1806 3365 2178 3431 reluctantis

360 3476 428 3533 et
480 3470 795 3553 impulsae
847 3468 1122 3553 vestigia
1167 3470 1615 3534 cernebantur.
1703 3469 1903 3535 refert
1948 3470 2031 3534 ad
2077 3488 2175 3533 se-
