2467 3900
351 183 463 240 120
1008 187 1287 228 CORNELII
1312 187 1505 226 TAcrrI

347 369 579 435 parens
624 349 954 433 legionum
1001 371 1040 412 a
1087 349 1447 414 deterrimis
1493 351 1954 435 appellaretur3
2017 372 2168 415 con·
2217 376 2226 381 ·

346 458 449 518 tra
492 454 559 517 in
608 453 919 538 optimum
964 474 1305 538 quemque,
1351 454 1636 518 maxime
1681 454 1747 517 in
1790 453 2058 518 comites
2106 460 2171 518 et

348 558 588 623 amicos
637 557 1002 622 Germanici
1054 559 1367 640 saevisse3
1426 564 1754 641 postremo
1800 560 2012 643 ipsum
2058 557 2169 622 de-

280 689 331 727 15
347 664 713 728 votionibus
777 669 842 728 et
903 685 1155 728 veneno
1214 663 1597 748 peremisse3
1663 685 1843 728 sacra
1898 662 2048 726 hinc
2107 668 2174 726 et

347 769 827 834 immolationes
902 768 1211 833 nefandas
1283 769 1483 852 ipsius
1545 773 1736 852 atque
1801 767 2171 848 Plancinae,

348 873 615 956 petitam
660 874 853 936 armis
899 894 1038 937 rem
1083 872 1407 955 publicam
1451 878 1650 957 utque
1696 892 1844 936 reus
1885 872 1990 956 agi
2020 892 2170 955 pos-

350 983 450 1041 set
494 977 631 1041 acie
678 978 939 1041 victum.
2015 976 2022 986 '

484 1082 584 1146 14.
645 1081 956 1146 Defensio
1003 1081 1071 1144 in
1102 1081 1332 1146 ceteris
1364 1081 1737 1166 trepidavit3
1783 1103 1931 1145 nam
1960 1102 2168 1166 neque

350 1185 765 1251 ambitionem
811 1186 1155 1252 militarem
1200 1207 1411 1272 neque
1457 1187 1853 1271 provinciam
1887 1187 2170 1271 pessimo

351 1289 579 1374 cuique
628 1289 995 1373 obnoxiam,
1041 1311 1123 1354 ne
1173 1290 1592 1356 contumelias
1639 1291 1899 1376 quidem
1944 1291 2170 1356 adver-

350 1415 488 1458 sum
539 1395 990 1478 imperatorem
1037 1395 1294 1458 infitiari
1337 1400 1622 1478 poterat:
1686 1397 1895 1458 solum
1937 1396 2172 1459 veneni

306 1501 590 1565 serimen
646 1501 821 1565 visus
878 1505 977 1565 est
1037 1499 1332 1583 diluisse,
1393 1500 1571 1586 quod
1625 1522 1707 1565 ne
1766 1505 2172 1565 accusatores

350 1604 615 1688 quidem
680 1604 835 1668 satis
898 1604 1238 1669 firmabant
1298 1605 1362 1669 in
1429 1606 1724 1670 convivio
1788 1605 2172 1684 Germanici,

354 1729 498 1772 cum
544 1729 736 1792 super
782 1730 929 1773 eum
960 1708 1111 1773 Piso
1163 1707 1612 1792 discumberet,
1659 1709 1930 1774 infectos
1970 1711 2170 1774 mani-

348 1812 471 1875 bus
518 1811 654 1875 eius
697 1811 875 1877 cibos
905 1819 1271 1896 arguentes.
1345 1813 1581 1899 quippe
1613 1814 1959 1878 absurdum
1991 1813 2172 1877 vide-

350 1917 539 1981 batur
582 1915 751 1981 inter
794 1916 1003 1983 aliena
1048 1918 1308 1983 servitia
1355 1925 1420 1983 et
1461 1923 1564 1983 tot
1591 1918 1980 1983 adstantium
2011 1919 2172 2000 visu,

281 2051 331 2091 10
352 2019 493 2107 ipso
536 2021 920 2085 Germanico
983 2031 1250 2104 coram,
1289 2021 1356 2099 id
1411 2043 1668 2103 ausum3
1732 2024 2175 2109 offerebatque

352 2123 659 2189 familiam
704 2146 853 2189 reus
902 2132 966 2190 et
1010 2126 1334 2191 ministros
1379 2127 1444 2191 in
1476 2131 1795 2190 tormenta
1824 2127 2174 2211 flagitabat.

354 2227 471 2292 sed
516 2227 761 2293 iudices
804 2249 923 2313 per
956 2229 1207 2294 diversa
1233 2229 1652 2314 inplacabiles
1687 2238 1885 2313 erant,
1935 2231 2176 2296 Caesar

357 2332 438 2395 ob
484 2330 726 2396 bellum
770 2332 1138 2416 provinciae
1182 2334 1472 2414 inlatum,
1520 2339 1778 2397 senatus
1824 2355 2175 2419 numquam

354 2435 507 2499 satis
568 2435 813 2500 credito
874 2436 1011 2500 sine
1070 2436 1295 2502 fraude
1346 2436 1802 2501 Germanicum
1855 2437 2174 2503 interisse.

282 2563 388 2609 15*
420 2564 454 2601 *
500 2539 901 2624 scripsissent
945 2541 1462 2625 expostulantes,
1521 2539 1695 2624 quod
1746 2538 1919 2603 haud
1964 2542 2175 2606 minus

351 2641 645 2707 Tiberius
701 2665 893 2728 quam
934 2645 1087 2709 Piso
1135 2646 1435 2709 abnuere.
1525 2644 1714 2710 simul
1756 2647 1979 2730 populi
2026 2654 2173 2712 ante

354 2748 596 2812 curiam
639 2769 833 2813 voces
879 2748 1334 2813 audiebantur:
1380 2768 1512 2812 non
1539 2754 2008 2832 temperaturos
2038 2772 2172 2815 ma-

351 2852 561 2935 nibuS,
608 2853 661 2916 si
704 2859 958 2936 patrum
1004 2855 1353 2918 sententias
1393 2854 1720 2917 evasisset.
1795 2854 2173 2941 effigiesque

352 2956 607 3023 Pisonis
651 2962 981 3021 traxerant
1024 2958 1091 3021 in
1138 2956 1485 3022 Gremonias
1531 2978 1604 3021 ac
1650 2957 2064 3043 divellebant,
2109 2962 2177 3024 ni

282 3061 530 3128 miussu
570 3060 873 3147 principis
902 3067 1237 3145 protectae
1267 3063 1721 3145 repositaeque
1752 3061 1984 3127 forent.
2055 3063 2174 3148 igi-

352 3171 457 3230 tur
510 3165 751 3230 inditus
808 3165 1077 3231 lecticae
1139 3172 1205 3231 et
1259 3186 1298 3229 a
1353 3166 1608 3230 tribuno
1663 3166 2025 3251 praetoriae
2070 3188 2176 3231 co-

353 3270 559 3334 hortis
616 3269 930 3335 deductus
976 3276 1103 3352 est,
1160 3269 1337 3333 vario
1384 3291 1662 3353 rumore,
1723 3276 1938 3335 custos
1985 3270 2176 3335 saluti

358 3394 440 3436 an
483 3374 709 3437 mortis
756 3380 1024 3439 exactor
1069 3379 1465 3459 sequeretur.
