2467 3900
667 243 742 280 AB
767 241 1020 282 Excusso
1046 241 1175 280 Dm
1201 240 1456 280 Aucusn
1481 240 1504 277 1
1530 238 1699 278 58-60.
2005 231 2080 287 43

260 405 438 489 quod
495 406 663 470 inter
707 401 926 467 Albim
972 408 1040 467 et
1083 401 1389 466 Rhenum
1434 401 1647 482 virgas
1702 405 1769 464 et
1828 420 2083 464 secures

261 514 329 572 et
365 515 584 593 togam
606 507 904 572 viderint.
958 506 1096 570 aliis
1133 504 1434 588 gentibus
1464 504 1826 588 ignorantia
1854 504 2085 587 imperi

259 611 540 676 Romani
581 613 924 696 inexperta
969 631 1108 676 esse
1157 609 1486 694 supplicia,
1554 609 1771 672 nescia
1817 608 2083 689 tributa3

263 734 428 800 quae
476 716 778 801 quoniam
823 715 1120 780 exuerint
1165 714 1520 797 inritusque
1570 712 1933 777 discesserit
1976 714 2087 777 ille

262 820 431 882 inter
460 820 724 884 numina
756 819 1001 883 dicatus
1033 818 1385 900 AugustuS,
1431 817 1539 881 ille
1574 815 1864 881 delectus
1895 815 2086 881 Tibe·
2110 846 2160 884 20

264 924 416 1002 riuS,
462 946 544 989 ne
590 925 935 1008 inperitum
966 921 1540 1004 adulescentulum,
1584 943 1667 985 ne
1712 922 2091 985 seditiosum

269 1028 626 1092 exercitum
656 1033 1098 1113 pavescerent.
1145 1026 1200 1088 si
1229 1026 1503 1109 patriam
1535 1025 1796 1110 antiqua
1824 1025 2093 1090 mallent

269 1153 460 1216 quam
490 1132 784 1195 dominos
827 1153 1017 1214 nova,
1064 1131 1427 1195 Arminium
1471 1131 1685 1214 potius
1731 1130 1977 1214 gloriae
2015 1151 2091 1193 ac

265 1235 582 1299 libertatis
619 1255 810 1319 quam
845 1235 1183 1319 Segestem
1218 1235 1578 1318 flagitiosae
1615 1235 1939 1298 servitutis
1973 1235 2088 1298 du-

270 1360 412 1403 cem
460 1344 901 1423 sequerentur.
2111 1364 2163 1403 25

401 1445 504 1508 60.
557 1443 809 1509 Conciti
851 1465 971 1528 per
1013 1443 1175 1508 haec
1219 1465 1349 1506 non
1395 1441 1588 1506 modo
1628 1441 1939 1506 Cherusci
1975 1441 2092 1505 sed

274 1549 708 1613 conterminae
767 1554 998 1631 gentes
1051 1554 1421 1632 tractusque
1474 1547 1539 1611 in
1584 1546 1783 1631 partis
1827 1545 2093 1630 Inguio-

271 1673 486 1718 merus
512 1651 787 1716 Arminii
819 1657 1101 1735 patruus‚
1139 1659 1362 1717 vetere
1396 1651 1567 1736 apud
1589 1650 1920 1715 Romanos
1951 1672 2095 1715 auc-

273 1757 568 1820 toritate:
615 1755 788 1822 unde
820 1757 1023 1820 maior
1058 1756 1320 1822 Caesari
1348 1762 1577 1820 metue.
1650 1761 1714 1819 et
1743 1776 1825 1820 ne
1856 1755 2099 1842 bellum

275 1861 449 1926 mole
495 1882 626 1926 una
666 1861 1032 1944 ingrueret,
1083 1859 1427 1924 Caecinam
1490 1881 1633 1923 cum
1678 1858 2141 1944 quadraginta5

275 1967 648 2030 cohortibus
692 1964 1002 2029 Romanis
1049 1965 1466 2030 distrahendo
1520 1966 1693 2029 hosti
1737 1987 1855 2049 per
1897 1966 2099 2029 Bruc-

274 2081 453 2135 teros
499 2070 581 2134 ad
637 2071 876 2134 flumen
918 2069 1232 2133 Amisiam
1293 2069 1519 2152 mittit,
1586 2069 1868 2153 equitem
1911 2069 2094 2133 Pedo

274 2176 642 2261 praefectus
685 2174 914 2238 finibus
945 2174 1303 2238 Frisiorum
1334 2173 1528 2240 ducit.
1605 2175 1743 2259 ipse
1785 2175 2097 2260 inpositas

273 2280 544 2345 navibus
576 2284 878 2364 quattuor
919 2278 1213 2362 legiones
1260 2288 1377 2362 per
1419 2279 1595 2342 lacus
1623 2279 1834 2360 vexit3
1882 2279 2097 2342 simul-

277 2405 404 2470 que
450 2383 654 2470 pedes
684 2403 883 2468 eques
921 2383 1140 2447 classis
1185 2383 1359 2467 apud
1403 2383 1802 2467 praedictum
1847 2403 2101 2446 amnem
2119 2403 2172 2443 ιο

278 2510 662 2554 convenere.
729 2489 990 2570 Chauci,
1039 2509 1182 2552 cum
1230 2488 1473 2551 auxilia
1509 2485 1991 2571 pollicerentur,
2035 2487 2101 2549 in

279 2594 726 2658 commilitium
773 2592 1001 2656 adsciti
1044 2598 1208 2656 sunt.
1301 2591 1649 2656 Bructeros
1698 2611 1816 2655 sua
1858 2591 2103 2654 urentis

278 2696 591 2783 expedita
653 2718 798 2761 cum
873 2718 1067 2761 manu
1127 2696 1202 2759 L.
1268 2695 1609 2761 Stertinius
1678 2694 1875 2759 missu
1942 2694 2102 2759 Ger-

277 2802 517 2865 manici
559 2801 754 2881 fudit3
815 2801 1110 2884 interque
1158 2798 1425 2863 caedem
1485 2804 1549 2863 et
1605 2797 1914 2889 praedam
1956 2819 2103 2883 rep-

279 2905 450 2989 perit
495 2903 1057 2968 undevicensimae
1101 2904 1379 2985 legionis
1425 2904 1703 2986 aquilam
1750 2924 1893 2967 cum
1926 2904 2102 2968 Varo
2127 2932 2177 2972 15

281 3008 600 3071 amissam.
687 3006 948 3072 ductum
991 3007 1142 3072 inde
1191 2998 1423 3092 agmen
1470 3008 1551 3071 ad
1598 3008 1859 3071 ultimos
1903 3006 2104 3071 Bruc-

283 3119 570 3178 terorum
633 3116 1064 3196 quantumque
1109 3096 1422 3175 Amisiam
1484 3117 1548 3177 et
1606 3111 1879 3196 Lupiam
1941 3110 2110 3173 inter

281 3224 623 3300 vastatum,
669 3217 844 3281 haud
905 3217 1129 3301 procul
1175 3216 1718 3298 Teutoburgiensi
1780 3214 1945 3279 saltu
1967 3262 1982 3293 ,
2042 3214 2108 3277 in

284 3343 411 3407 quo
458 3321 766 3405 reliquiae
812 3320 973 3386 Vari
1014 3322 1475 3404 legionumque
1512 3319 1886 3404 'insepultae
1934 3318 2106 3383 dice-

284 3427 540 3491 bantur.
1147 3474 1156 3481 .
2128 3458 2179 3497 20
