2467 3900
694 251 767 290 AB
794 248 1047 289 EXOESSU
1072 247 1204 288 DIVI
1229 247 1485 288 AUGUSTI
1511 247 1573 286 1v
1601 247 1770 286 33-35.
2031 241 2142 297 183

316 405 526 470 Asinii
571 406 883 470 Pollionis
942 405 1180 490 scripta
1231 405 1562 489 egregiam
1607 403 1964 470 eorundem
2008 427 2144 470 me-

318 512 589 575 moriam
634 510 932 590 tradunt3
978 507 1280 572 Messalla
1328 507 1644 572 Corvinus
1689 508 2145 593 imperatorem
2215 559 2227 572 .

320 636 504 678 suum
569 613 861 678 Cassium
928 611 1376 698 praedicabat:
1447 617 1512 676 et
1575 618 1874 698 uterque·
1917 615 2147 700 opibus

316 718 669 782 honoribus
708 717 1113 802 perviguere.
1188 716 1391 780 Marci
1423 715 1753 781 Ciceronis
1784 717 1968 800 libro,
2015 731 2142 802 quo
2165 737 2216 775 25

320 821 635 886 Catonem
682 821 862 885 caelo
912 821 1231 903 aequavit,
1281 819 1432 908 quid
1469 819 1645 883 aliud
1675 821 1948 885 dictator
1984 823 2144 887 an-

318 948 420 990 sar
472 947 663 1011 quam
709 924 1021 1008 rescripta
1068 924 1387 1005 oratione,
1441 923 1619 988 velut
1664 924 1838 1008 apud
1878 925 2146 1008 iudices,

314 1030 698 1116 respondit?
746 1027 1017 1093 Antonii
1040 1023 1385 1112 epistulae,
1415 1027 1600 1092 Bruti
1633 1027 1967 1092 contiones
1990 1030 2149 1094 falsa

320 1133 639 1220 quaedam
684 1132 749 1196 in
781 1131 1152 1214 Augustum
1198 1129 1435 1214 probra
1465 1137 1532 1194 et
1559 1131 1760 1193 multa
1791 1151 1936 1194 cum
1968 1153 2146 1196 acer-

315 1240 517 1303 bitate
563 1236 836 1316 habent3
887 1235 1167 1299 carmina
1195 1233 1490 1299 Bibaculi
1535 1242 1601 1298 et
1634 1235 1867 1300 Catulli
1911 1237 2148 1301 referta
2169 1263 2220 1300 30

322 1339 725 1406 contumeliis
786 1340 1135 1404 Caesarum
1192 1340 1527 1423 leguntur:
1591 1339 1706 1404 sed
1762 1341 1902 1424 ipse
1965 1340 2148 1406 divus

318 1445 541 1528 Iulius,
588 1445 727 1530 ipse
758 1445 943 1508 divus
973 1443 1309 1529 Augustus
1355 1449 1422 1508 et
1467 1445 1676 1509 tulere
1721 1445 1843 1509 ista
1889 1451 1956 1509 et
1997 1445 2147 1509 reli-

320 1569 538 1634 quere,
583 1548 758 1612 haud
792 1547 979 1612 facile
1014 1547 1291 1612 dixerim
1334 1547 1783 1612 moderatione
1829 1548 2035 1632 magis
2068 1571 2148 1614 an

322 1655 654 1738 sapientia.
732 1673 1006 1738 namque
1055 1658 1273 1737 spreta
1310 1653 1719 1716 exolescunt:
1769 1652 1831 1716 si
1851 1653 2148 1734 irascare,

320 1759 585 1844 adgnita
627 1755 974 1846 videntur.‘
2169 1779 2220 1816 35

452 1865 555 1928 35.
618 1864 791 1947 ,Non
836 1863 1081 1946 attingo
1130 1861 1436 1942 Graecos,
1482 1881 1758 1944 quorum
1787 1880 1919 1923 non
1950 1859 2145 1923 modo

318 1969 583 2033 libertas
602 2000 627 2052 ,·
678 1969 871 2033 etiam
927 1966 1129 2031 libido
1186 1967 1531 2051 impunita3
1609 1971 1719 2028 aut
1777 1965 1976 2049 siquis
2035 1964 2146 2028 ad-

320 2073 534 2155 vertit,
582 2071 770 2136 dictis
803 2072 975 2136 dicta
1004 2072 1177 2137 ultus
1210 2077 1328 2136 est.
1405 2071 1522 2135 sed
1553 2072 1834 2135 maxime
1869 2070 2149 2133 solutum

322 2183 389 2242 et
450 2177 586 2241 sine
654 2178 1086 2241 obtrectatore
1149 2176 1270 2240 fuit
1331 2176 1612 2261 prodere
1671 2176 1752 2239 de
1811 2176 1923 2258 iis,
1989 2195 2150 2258 quos

320 2300 495 2343 mors
544 2279 693 2344 odio
741 2286 851 2342 aut
892 2280 1139 2363 gratiae
1188 2282 1555 2344 exemisset.
1635 2300 1790 2343 num
1837 2279 2007 2343 enim
2053 2292 2150 2342 ar·
2171 2306 2194 2343 ⁵

320 2384 511 2446 matis
572 2382 793 2446 Cassio
860 2388 925 2447 et
978 2381 1181 2449 Bruto
1246 2404 1320 2447 ac
1378 2383 1828 2468 Philippenses
1889 2404 2150 2467 campos

325 2486 763 2571 optinentibus
808 2487 1123 2571 populum
1164 2508 1284 2571 per
1325 2488 1659 2553 contiones
1688 2486 2014 2552 incendo?
2069 2508 2151 2553 an

320 2589 414 2653 illi
445 2588 707 2674 quidem
740 2591 1330 2675 septuagensimum
1364 2598 1512 2655 ante
1543 2612 1776 2656 annum
1810 2592 2150 2676 perempti,

325 2714 448 2777 quo
512 2693 707 2758 modo
770 2695 1157 2778 imaginibus
1218 2695 1350 2758 suis
1410 2700 1790 2773 noscuntur,
1854 2716 2012 2780 quas
2068 2716 2148 2759 ne

320 2800 528 2864 victor
560 2799 818 2885 quidem
853 2800 1155 2882 abolevit,
1188 2799 1281 2863 sic
1312 2804 1561 2885 partem
1593 2800 1945 2863 memoriae
1978 2798 2150 2883 apud
2172 2820 2220 2858 ιο

324 2904 669 2988 scriptores
712 2904 1035 2969 retinent?
1082 2924 1268 2968 suum
1315 2903 1544 2988 cuique
1579 2904 1774 2970 decus
1805 2904 2150 2989 posteritas

322 3007 654 3093 rependit3
713 3028 833 3071 nec
886 3008 1188 3089 deerunt,
1253 3008 1307 3070 si
1355 3005 1675 3071 damnatio
1725 3007 1996 3091 ingruit,
2043 3008 2153 3092 qui

321 3133 454 3177 non
498 3112 695 3177 modo
732 3111 940 3176 Cassii
976 3118 1043 3177 et
1071 3112 1257 3175 Bruti
1304 3118 1506 3177 set·et
1537 3114 1666 3177 mei
1704 3110 2152 3177 meminerint.‘

325 3236 625 3298 egressus
696 3216 849 3280 dein
920 3222 1147 3282 senatu
1211 3216 1412 3280 vitam
1476 3217 1865 3283 abstinentia
1929 3216 2150 3280 finivit.

324 3318 523 3383 libros
588 3341 706 3405 per
772 3318 1017 3383 aediles
1086 3320 1465 3385 cremandos
1531 3322 1838 3385 censuere
1901 3325 2222 3405 patresz15

326 3428 425 3487 set
478 3430 849 3488 manserunt
899 3424 1201 3488 occultati
1249 3431 1314 3488 et
1361 3424 1536 3489 editi.
1628 3443 1754 3508 quo
1801 3425 2006 3509 magis
2053 3444 2153 3487 so-

1731 3522 1844 3578 11*
