2467 3900
357 243 469 308 160
1015 255 1294 296 CORNELII
1319 255 1516 295 ‘mmm

354 418 561 503 prima
604 417 867 482 iuventa
915 413 1148 478 Gaium
1186 413 1535 478 Caesarem
1579 413 1710 479 divi
1741 411 2025 499 Augusti
2068 435 2184 478 ne-

353 529 577 606 potem
632 524 909 584 sectatus
962 539 1121 582 mox
1162 517 1491 582 Tiberium
1543 518 1737 582 variis
1781 517 2023 582 artibus
2071 517 2184 583 de-

352 625 579 706 vinxit,
626 621 791 687 adeo
839 627 913 684 ut
957 621 1298 685 obscurum
1342 619 1687 686 adversum
1731 621 1892 686 alios
1923 620 2046 685 sibi
2075 621 2186 686 uni

352 723 699 792 incautum'
724 727 1163 808 intectumque
1209 726 1513 806 efficeret,
1558 732 1864 790 non-tam
1893 725 2183 791 sollertia

285 854 335 893 ιε
354 854 543 918 quam
607 833 804 896 deum
863 831 961 895 ira
1024 831 1091 894 in
1146 851 1285 894 rem
1340 828 1735 911 Romanam,
1806 829 1984 893 cuius
2042 830 2182 914 pari

354 939 555 1002 exitio
602 937 809 1024 viguit
848 934 1228 1020 ceciditque.
1303 951 1537 1020 corpus
1567 934 1662 998 illi
1693 935 1988 1000 laborum
2016 935 2184 1000 tole-

352 1063 521 1124 rans,
568 1041 817 1106 animus
862 1040 1104 1122 audax3
1150 1040 1272 1104 sui⁴
1300 1039 1635 1123 obtegens,
1679 1039 1747 1104 in
1780 1039 1942 1103 alios
1973 1040 2184 1105 crimi-

247 1181 255 1190 ·
354 1152 574 1228 nator3
634 1146 815 1210 iuxta
876 1145 1160 1210 adulatio
1223 1151 1289 1210 et
1347 1145 1680 1230 superbia3
1739 1146 1954 1230 palam
2013 1167 2187 1210 com-

282 1277 289 1280 ·
355 1253 604 1336 positus
649 1250 880 1336 pudor,
924 1251 1095 1314 intus
1141 1271 1391 1314 summa
1427 1250 1757 1336 apiscendi
1786 1249 1989 1313 libido
2021 1250 2190 1316 eius-

289 1376 506 1439 20que,
540 1376 732 1420 causa
789 1354 985 1420 modo
1046 1355 1302 1439 largitio
1366 1361 1432 1419 et
1487 1355 1713 1437 luxus,
1773 1354 2032 1440 saepius
2088 1353 2186 1417 in-

359 1458 601 1522 dustria
644 1480 719 1522 ac
748 1458 1099 1542 vigilantia,
1143 1457 1318 1522 haud
1347 1459 1555 1523 minus
1585 1458 1845 1541 noxiae,
1889 1458 2187 1542 quotiens

357 1560 647 1646 parando
694 1581 898 1645 regno
944 1562 1292 1644 finguntur.

489 1666 549 1729 2.
611 1664 765 1728 Vim
819 1664 1262 1749 praefecturae
1307 1664 1630 1729 modicam
1675 1671 1868 1730 antea
1911 1665 2189 1730 intendit

366 1768 686 1854 dispersas
731 1791 849 1854 per
891 1770 1118 1834 urbem
1166 1769 1464 1835 cohortes
1509 1790 1637 1835 una
1680 1769 1747 1832 in
1792 1774 1999 1834 castra
2036 1790 2188 1833 con-

347 1872 680 1956 ducendo,
725 1879 797 1936 ut
843 1873 1031 1936 simul
1075 1873 1348 1957 imperia
1391 1872 1762 1957 acciperent
1787 1891 2189 1957 numeroque

365 1983 430 2041 et
472 1978 708 2044 robore
753 1984 821 2042 et
864 1979 1005 2043 visu
1049 1978 1218 2043 inter
1253 1998 1324 2041 se
1353 1976 1590 2043 fiducia
1618 1978 1798 2067 ipsis,
1845 1980 1912 2045 in
1941 1984 2194 2042 ceteros

318 2088 571 2148 smetus
639 2086 951 2147 oreretur.
1039 2080 1510 2166 praetendebat
1568 2082 1862 2147 lascivire
1919 2082 2191 2147 militem

364 2186 727 2267 diductum3
774 2184 985 2269 siquid
1030 2186 1313 2263 subitum
1347 2186 1622 2270 ingruat,
1667 2187 1912 2251 maiore
1944 2188 2189 2251 auxilio

361 2290 603 2374 pariter
647 2289 1007 2369 subveniriz,
1066 2294 1132 2352 et
1177 2290 1464 2353 severius
1509 2291 1792 2373 acturos,
1849 2291 1905 2353 si
1949 2289 2214 2354 vallum.

363 2402 678 2459 statuatur
722 2383 949 2479 procul
985 2394 1161 2459 urbis
1190 2394 1552 2459 inlecebris.
1627 2399 1698 2457 ut
1727 2395 2014 2479 perfecta
2044 2399 2192 2458 sunt

364 2506 600 2582 castra,
662 2500 963 2584 inrepere
1022 2499 1333 2583 paulatim
1390 2497 1700 2561 militares
1761 2491 2040 2562 animos³
2075 2496 2192 2561 ad-

295 2630 345 2669 10
365 2603 578 2668 eundo
638 2603 1061 2687 appelland03
1121 2603 1529 2667 centuriones
1585 2623 1660 2666 ac
1713 2603 2004 2666 tribunos
2048 2602 2191 2688 ipse

364 2708 674 2792 deligere.
734 2728 945 2793 neque
977 2709 1301 2773 senatorio
1333 2708 1576 2771 ambitu
1608 2704 1968 2771 abstinebat
1993 2708 2194 2772 clien—
2224 2714 2230 2723 ‘

364 2818 463 2878 tes
521 2833 671 2879 suos
714 2814 1066 2879 honoribus
1110 2821 1221 2879 aut
1265 2814 1612 2899 provinciis
1659 2804 1961 2891 ornandi,
2021 2812 2194 2877 facili

364 2916 623 2982 Tiberio
660 2922 863 3002 'atque
907 2918 999 2982 ita
1042 2937 1271 3002 pron0,
1317 2925 1390 2982 ut
1435 2918 1681 2983 socium
1725 2917 2019 2982 laborum
2060 2936 2193 2981 non

365 3020 561 3085 modo
608 3022 675 3084 in
720 3020 1122 3085 sermonibus
1167 3022 1283 3086 sed
1329 3021 1500 3107 apud
1533 3027 1849 3107 patres'et
1877 3020 2195 3105 populum

297 3150 347 3191 15
365 3124 724 3190 celebraret
770 3124 1023 3208 colique
1068 3146 1186 3209 per
1214 3123 1470 3190 theatra
1514 3134 1580 3191 et
1608 3126 1748 3191 fora
1777 3126 2026 3208 effigies
2056 3124 2194 3187 eius

364 3229 660 3312 interque
704 3228 1017 3313 principia
1060 3228 1395 3312 legionum
1439 3229 1700 3295 sineret.

497 3334 556 3395 3.
624 3331 928 3397 Ceterum
986 3333 1181 3417 plena
1226 3331 1574 3397 Caesarum
1624 3333 1885 3416 domus,
1943 3330 2194 3397 iuvenis

365 3435 551 3519 filius,
579 3445 853 3521 nepotes
879 3437 1081 3501 adulti
1106 3456 1356 3501 moram
1381 3438 1608 3522 cupitis
1633 3436 2036 3502 adferebant:
2066 3454 2197 3499 una
