2467 3900
715 227 792 267 An
821 227 1076 270 Excusso
1103 229 1237 271 nm
1262 231 1519 274 aueus'ri
1547 232 1594 273 11
1620 234 1789 274 εει-η
2086 233 2162 290 83

325 394 498 453 tasse
559 387 788 472 opibus
804 435 823 469 ,
885 388 1124 454 iuvisse
1185 390 1471 456 consiliis
1530 393 1927 479 dicerentur,
1985 397 2162 463 haud

325 493 711 578 quaesitum.

328 636 334 642 -
457 599 564 661 41.
625 597 788 663 Fine
848 599 999 663 anni
1055 619 1243 664 arcus
1300 607 1569 687 propter
1626 603 1855 668 aedem
1904 602 2161 669 Saturni

329 701 412 768 ob
465 708 732 786 recepta
786 701 974 786 signa
1027 723 1171 767 cum
1223 702 1401 768 Varo
1461 705 1693 770 amissa
1752 706 1947 772 ductu
1994 706 2158 772 Ger-

327 806 582 890 manici,
627 805 932 891 auspiciis
960 805 1202 872 Tiberii
1251 813 1317 872 et
1354 808 1553 874 aedes
1582 809 1799 876 Fortis
1827 810 2157 877 Fortunae

324 911 610 977 Tiberim
671 911 854 976 iuxta
913 910 982 975 in
1041 912 1283 995 hortis,
1352 933 1513 998 quos
1576 913 1820 979 Caesar
1881 914 2159 979 dictator

323 1015 569 1101 populo
603 1013 904 1080 Romano
950 1014 1303 1098 legaverat,
1346 1017 1695 1082 sacrarium
1738 1018 1920 1102 genti
1947 1018 2156 1084 Iuliae
2176 1040 2200 1078 s

325 1119 702 1206 effigiesque
747 1119 898 1194 divo
943 1117 1245 1204 Augusto
1292 1120 1466 1205 apud
1508 1120 1797 1188 Bovillas
1844 1122 2155 1188 dicantur.

321 1257 330 1264 ’
459 1224 532 1290 C.
567 1223 790 1290 Caelio
819 1223 897 1288 L.
928 1223 1292 1310 Pomponio
1330 1225 1699 1292 consulibus
1733 1225 2155 1291 Germanicus

325 1329 568 1395 Caesar
609 1351 668 1395 a.
698 1330 759 1395 d.
790 1328 946 1394 VH.
976 1329 1124 1395 Kal.
1157 1329 1376 1394 Iunias
1416 1331 1834 1415 triumphavit
1866 1330 1947 1394 de
1982 1330 2152 1396 che-

320 1434 526 1499 ruscis
557 1432 936 1518 Chattisque
981 1440 1048 1500 et
1078 1432 1482 1517 Angrivariis
1518 1455 1812 1520 quaeque
1844 1434 2008 1500 aliae
2038 1455 2152 1500 na·

320 1535 534 1603 tiones
561 1557 766 1622 usque
797 1536 882 1602 ad
901 1535 1123 1603 Albim
1154 1538 1396 1604 colunt.
1450 1545 1637 1604 vecta
1659 1539 1868 1625 spolia
1894 1539 2151 1625 captivi,
2171 1558 2223 1600 10

319 1642 660 1707 simulacra
703 1642 1020 1708 montium
1063 1643 1402 1708 fluminum
1444 1643 1843 1728 proeliorum
1879 1642 2152 1708 bellum-

319 1769 466 1833 que,
494 1748 644 1832 quia
670 1747 983 1814 conficere
1004 1746 1369 1833 prohibitus
1391 1752 1551 1829 erat,
1583 1767 1701 1833 pro
1727 1746 2022 1812 confecto
2046 1768 2152 1812 ac-

317 1851 698 1936 cipiebatur.
775 1851 1099 1917 alliciebat
1142 1849 1532 1915 intuentium
1574 1852 1749 1915 visus
1782 1850 2023 1915 eximia
2051 1851 2151 1937 ip-

319 1957 452 2021 sius
481 1957 733 2042 species
765 1977 1114 2042 currusque
1137 1957 1422 2043 quinque
1444 1955 1667 2021 liberis
1690 1960 1978 2020 onustus.
2034 1955 2152 2020 sed

315 2062 582 2127 suberat
614 2062 867 2129 occulta
895 2060 1175 2128 formido
1201 2060 1649 2147 reputantibus
1679 2058 1854 2125 haud
1875 2080 2147 2146 prospe·
2167 2082 2219 2125 1⁵

317 2186 474 2231 rum·
521 2166 588 2232 in
636 2166 852 2231 Druso
912 2172 1095 2251 patre
1145 2165 1437 2231 favorem
1487 2165 1699 2250 vulgi,
1764 2165 2152 2231 avunculum

315 2271 609 2337 eiusdem
640 2270 1022 2338 Marcellum
1050 2269 1470 2355 flagrantibus
1499 2270 1708 2355 plebis
1730 2268 1958 2334 studiis
1981 2270 2149 2334 intra

312 2376 644 2441 iuventam
688 2380 1004 2462 ereptum,
1048 2374 1283 2441 breves
1315 2381 1383 2440 et
1412 2374 1724 2440 infaustos
1754 2373 1981 2460 populi
2010 2372 2147 2436 Ro-

313 2480 487 2547 mani
532 2502 810 2547 amores.

442 2586 547 2650 42.
612 2585 918 2651 Ceterum
946 2585 1250 2651 Tiberius
1288 2584 1551 2650 nomine
1598 2582 1967 2648 Germanici
2011 2588 2145 2647 tre-

311 2712 512 2756 cenos
540 2692 720 2777 plebi
749 2691 1082 2756 sestertios
1111 2689 1349 2756 viritim
1383 2687 1565 2754 dedit
1596 2708 1793 2772 seque
1826 2687 2148 2770 collegam

310 2794 672 2861 consulatui
717 2794 1082 2860 destinavit.
1161 2814 1287 2859 nec
1331 2792 1481 2858 ideo
1527 2791 1817 2857 sincerae
1862 2792 2146 2857 caritatis

308 2897 508 2963 fidem
530 2898 874 2964 adsecutus
898 2898 1151 2962 amoliri
1168 2896 1472 2964 iuvenem
1490 2895 1708 2982 specie
1728 2894 1995 2961 honoris
2015 2901 2143 2961 sta-

305 3002 433 3067 tuit
454 3002 814 3087 struxitque
841 3022 1065 3067 causas
1084 3006 1196 3067 aut
1218 3002 1388 3067 forte
1414 3002 1663 3066 oblatas
1688 3000 1973 3087 arripuit.
2023 3022 2143 3066 rex
2160 3026 2185 3064 ⁵

307 3105 670 3171 Archelaus
723 3107 1371 3192 quinquagensimum
1431 3128 1671 3171 annum
1728 3104 2142 3192 Cappadocia

305 3210 693 3296 potiebatur,
736 3211 978 3276 invisus
1023 3211 1305 3293 Tiberio,
1352 3211 1526 3295 quod
1573 3210 1793 3277 Rhodi
1838 3215 2139 3294 agentem

304 3313 484 3379 nullo
515 3312 723 3379 officio
759 3315 1085 3381 coluisset.
1144 3336 1269 3381 nec
1293 3315 1361 3380 id
1383 3313 1749 3380 Archelaus
1772 3335 1891 3400 per
1915 3334 2140 3399 super-

305 3418 479 3484 biam
539 3420 872 3504 omiserat‚
933 3421 1050 3486 sed
1095 3421 1174 3487 ab
1219 3420 1463 3485 intimis
1508 3417 1793 3503 Augusti
1836 3418 2141 3500 monitus,
