2467 3900
419 205 455 260 2
1055 213 1333 253 CORNELII
1359 213 1555 254 'mern

422 375 751 459 exutoque
797 369 1082 454 Lepido,
1127 371 1467 436 interfecto
1513 370 1801 436 Antonio
1848 392 1931 437 ne
1975 371 2249 436 Iulianis

419 475 681 560 quidem
726 476 1014 561 partibus
1059 476 1182 540 nisi
1216 475 1455 541 Caesar
1492 475 1629 540 dux
1673 475 1980 560 reliquus,
2027 476 2245 561 posito

375 579 737 648 atriumviri
781 579 1041 644 nomine
1077 579 1411 643 consulem
1456 600 1525 644 se
1569 578 1784 644 ferens
1830 585 1897 644 et
1926 579 2011 645 ad
2054 585 2245 645 tuen-

421 682 570 748 dam
641 683 902 766 plebem
991 683 1331 748 tribunicio
1408 683 1546 747 iure
1622 687 1998 747 contentum
2022 732 2039 766 ,
2129 683 2249 748 ubi

417 788 691 852 militem
724 786 930 870 donis,
949 788 1265 873 populum
1297 808 1571 869 annona,
1604 794 1869 850 cunctos
1900 783 2247 852 dulcedine

419 891 534 957 otii
578 891 883 976 pellexit,
951 891 1286 976 insurgere
1332 891 1672 975 paulatim,
1719 890 1939 954 munia
1983 897 2247 957 senatus

410 997 905 1079 magistratuum
950 997 1171 1079 legum
1217 996 1283 1062 in
1330 1016 1399 1059 se
1445 994 1733 1078 trahere,
1783 994 1960 1058 nullo
2009 995 2244 1060 adver-

345 1127 396 1171 10
413 1107 615 1183 sante,
667 1121 810 1164 cum
856 1100 1241 1164 ferocissimi
1272 1121 1390 1184 per
1421 1100 1591 1164 acies
1623 1105 1733 1163 aut
1767 1101 2243 1186 proscriptione

412 1205 816 1287 cecidissent,
872 1205 1074 1269 ceteri
1116 1203 1451 1285 nobilium,
1500 1208 1737 1287 quanto
1785 1204 1927 1288 quis
1972 1204 2239 1271 servitio

410 1311 804 1396 promptior,
863 1308 1092 1393 opibus
1139 1315 1204 1373 et
1250 1307 1603 1374 honoribus
1649 1306 2119 1373 extollerentur
2164 1331 2241 1374 ac

407 1413 597 1478 novis
659 1433 744 1477 ex
804 1413 997 1480 rebus
1056 1413 1230 1476 aucti
1291 1416 1432 1476 tuta
1490 1414 1555 1476 et
1618 1412 1984 1495 praesentia
2045 1432 2239 1496 quam

399 1528 634 1583 -vetera
690 1521 756 1583 et
812 1517 1172 1603 periculosa
1224 1517 1515 1582 mallent.
1603 1535 1814 1600 neque
1863 1515 2238 1600 provinciae

288 1655 292 1660 ·
339 1646 390 1688 1⁵
409 1622 590 1686 illum
637 1642 854 1686 rerum
899 1627 1138 1685 statum
1184 1621 1581 1702 abnuebant,
1628 1627 1928 1704 suspecto
1975 1629 2237 1685 senatus

407 1727 762 1812 populique
825 1725 1098 1811 imperio
1172 1723 1255 1788 ob
1321 1723 1670 1789 certamina
1737 1723 2100 1808 potentium
2170 1730 2238 1789 et

405 1829 739 1896 avaritiam
784 1829 1277 1914 magistratuum
1292 1877 1309 1910 ,
1370 1828 1655 1894 invalido
1703 1829 1921 1912 legum
1967 1827 2234 1910 auxilio,

405 1956 570 2021 quae
630 1935 690 2000 vi
735 1935 1011 2018 ambitu,
1062 1939 1394 2021 postremo
1457 1934 1731 2021 pecunia
1788 1933 2234 2000 turbabantur.

536 2044 596 2106 3.
666 2039 973 2105 Ceterum
1034 2038 1368 2123 Augustus
1444 2039 1729 2103 subsidia
1806 2038 2235 2105 dominationi

406 2142 751 2208 Claudium
774 2142 1154 2207 Marcellum
1184 2144 1423 2208 sororis
1452 2144 1654 2208 filium
1688 2143 2038 2209 admodum
2070 2145 2231 2210 adu-

402 2248 757 2311 lescentem
786 2246 1162 2331 pontificatu
1186 2253 1252 2311 et
1278 2241 1481 2311 curuli
1504 2246 1859 2328 aedilitate,
1881 2248 1970 2312 Μ.
1988 2247 2232 2334 Agrip-

402 2371 572 2436 pam,
619 2350 976 2432 ignobilem
1018 2349 1202 2433 loco,
1246 2349 1489 2415 bonum
1533 2350 1766 2415 militia
1809 2357 1876 2416 et
1920 2352 2233 2418 victoriae

359 2454 688 2536 usocium,
735 2453 1079 2537 geminatis
1126 2455 1561 2519 consulatibus
1610 2456 1863 2539 extulit,
1907 2477 2066 2523 mox
2112 2458 2231 2523 de-

399 2558 618 2623 functo
649 2557 961 2623 Marcello
1010 2578 1328 2642 generum
1374 2560 1676 2645 sumpsit3
1722 2560 2048 2625 Tiberium
2092 2561 2158 2625 N
2163 2582 2233 2627 e-

399 2683 625 2727 ronem
671 2669 737 2749 et
777 2659 1121 2726 Claudium
1166 2662 1453 2727 Drusum
1497 2663 1830 2747 privignos
1876 2663 2233 2749 imperato-

399 2765 510 2829 riis
541 2765 908 2829 nominibus
940 2766 1142 2848 auxit,
1181 2766 1437 2850 integra
1469 2769 1664 2832 etiam
1696 2774 1832 2835 tum
1864 2769 2059 2833 domo
2091 2790 2234 2835 sua.

400 2891 549 2935 nam
595 2871 853 2954 genitos
882 2867 1178 2955 Agrippa
1211 2872 1446 2937 Graium
1491 2892 1565 2936 ac
1610 2871 1885 2941 Lucium
1928 2873 1993 2937 in
2037 2873 2231 2938 fami-

329 3002 378 3043 ιο
398 2976 549 3040 liam
598 2975 948 3040 Caesarum
1005 2974 1354 3039 induxerat
1409 2976 1687 3041 necdum
1734 2978 1947 3063 posita
1992 2980 2234 3063 puerili

395 3086 737 3166 praetexta
778 3079 1101 3164 principes
1155 3080 1504 3145 iuventutis
1537 3081 1868 3166 appellari,
1917 3080 2231 3148 destinari

395 3186 693 3251 consules
724 3184 940 3269 specie
966 3184 1331 3249 recusantis
1356 3184 1847 3269 flagrantissime
1871 3186 2234 3269 cupiverat.

394 3296 465 3354 ut
493 3289 787 3375 Agrippa
816 3288 950 3353 vita
993 3287 1333 3371 concessit,
1370 3288 1642 3355 Lucium
1676 3288 2022 3355 Caesarem
2068 3312 2235 3356 eun-

395 3400 530 3459 tem
572 3393 654 3458 ad
684 3393 1137 3479 Hispaniensis
1170 3394 1516 3474 exercitus,
1560 3394 1791 3459 Gaium
1827 3400 2233 3460 remeantem
