<?xml version="1.0" encoding="UTF-8"?>
<!DOCTYPE html PUBLIC "-//W3C//DTD XHTML 1.0 Transitional//EN"
    "http://www.w3.org/TR/xhtml1/DTD/xhtml1-transitional.dtd">
<html xmlns="http://www.w3.org/1999/xhtml" xml:lang="en" lang="en">
 <head>
  <title>
</title>
<meta http-equiv="Content-Type" content="text/html;charset=utf-8" />
  <meta name='ocr-system' content='tesseract 3.04.00' />
  <meta name='ocr-capabilities' content='ocr_page ocr_carea ocr_par ocr_line ocrx_word'/>
</head>
<body>
  <div class='ocr_page' id='page_1' title='image "./corneliitacitia00gitlgoog_0220.png"; bbox 0 0 2467 3900; ppageno 0'>
   <div class='ocr_carea' id='block_1_1' title="bbox 375 223 1533 308">
    <p class='ocr_par' dir='ltr' id='par_1_1' title="bbox 375 223 1533 308">
     <span class='ocr_line' id='line_1_1' title="bbox 375 223 1533 308; baseline -0.014 0"><span class='ocrx_word' id='word_1_1' title='bbox 375 242 492 308; x_wconf 74' lang='lat'><strong>&#39;208</strong></span> <span class='ocrx_word' id='word_1_2' title='bbox 649 223 658 234; x_wconf 51' lang='lat'>⁸</span> <span class='ocrx_word' id='word_1_3' title='bbox 1035 253 1313 295; x_wconf 70' lang='lat' dir='ltr'><strong>conunnn</strong></span> <span class='ocrx_word' id='word_1_4' title='bbox 1336 253 1533 294; x_wconf 67' lang='lat' dir='ltr'><strong>&#39;norm</strong></span> 
     </span>
    </p>
   </div>
   <div class='ocr_carea' id='block_1_2' title="bbox 293 411 2203 3517">
    <p class='ocr_par' dir='ltr' id='par_1_2' title="bbox 321 411 2203 706">
     <span class='ocr_line' id='line_1_2' title="bbox 321 411 2203 498; baseline 0 -22"><span class='ocrx_word' id='word_1_5' title='bbox 321 493 325 498; x_wconf 87' lang='lat'><em>.</em></span> <span class='ocrx_word' id='word_1_6' title='bbox 374 417 492 496; x_wconf 86' lang='lat' dir='ltr'><strong>tas,</strong></span> <span class='ocrx_word' id='word_1_7' title='bbox 524 413 834 478; x_wconf 88' lang='lat' dir='ltr'><strong>secedens</strong></span> <span class='ocrx_word' id='word_1_8' title='bbox 863 411 1207 476; x_wconf 87' lang='lat' dir='ltr'><strong>adversum</strong></span> <span class='ocrx_word' id='word_1_9' title='bbox 1233 412 1594 497; x_wconf 82' lang='lat' dir='ltr'><strong>proximos3</strong></span> <span class='ocrx_word' id='word_1_10' title='bbox 1641 431 2022 497; x_wconf 87' lang='lat' dir='ltr'><strong>congressus</strong></span> <span class='ocrx_word' id='word_1_11' title='bbox 2046 431 2203 476; x_wconf 88' lang='lat' dir='ltr'><strong>con-</strong></span> 
     </span>
     <span class='ocr_line' id='line_1_3' title="bbox 375 516 2201 602; baseline 0 -22"><span class='ocrx_word' id='word_1_12' title='bbox 375 516 612 602; x_wconf 88' lang='lat' dir='ltr'><strong>loquia,</strong></span> <span class='ocrx_word' id='word_1_13' title='bbox 656 521 848 581; x_wconf 89' lang='lat' dir='ltr'><strong>notae</strong></span> <span class='ocrx_word' id='word_1_14' title='bbox 879 516 1274 600; x_wconf 78' lang='lat' dir='ltr'><strong>ignotaeque</strong></span> <span class='ocrx_word' id='word_1_15' title='bbox 1297 537 1494 581; x_wconf 87' lang='lat' dir='ltr'><strong>-aures</strong></span> <span class='ocrx_word' id='word_1_16' title='bbox 1526 516 1742 598; x_wconf 81' lang='lat' dir='ltr'><strong>vitari3</strong></span> <span class='ocrx_word' id='word_1_17' title='bbox 1792 518 1988 581; x_wconf 88' lang='lat' dir='ltr'><strong>etiam</strong></span> <span class='ocrx_word' id='word_1_18' title='bbox 2018 522 2201 581; x_wconf 87' lang='lat' dir='ltr'><strong>muta</strong></span> 
     </span>
     <span class='ocr_line' id='line_1_4' title="bbox 377 621 2199 706; baseline -0.001 -20"><span class='ocrx_word' id='word_1_19' title='bbox 377 627 568 706; x_wconf 90' lang='lat' dir='ltr'><strong>atque</strong></span> <span class='ocrx_word' id='word_1_20' title='bbox 612 621 926 704; x_wconf 88' lang='lat' dir='ltr'><strong>inanima,</strong></span> <span class='ocrx_word' id='word_1_21' title='bbox 969 627 1214 686; x_wconf 88' lang='lat' dir='ltr'><strong>tectum</strong></span> <span class='ocrx_word' id='word_1_22' title='bbox 1262 627 1329 685; x_wconf 91' lang='lat' dir='ltr'><strong>et</strong></span> <span class='ocrx_word' id='word_1_23' title='bbox 1373 622 1656 706; x_wconf 86' lang='lat' dir='ltr'><strong>parietes</strong></span> <span class='ocrx_word' id='word_1_24' title='bbox 1702 621 2199 705; x_wconf 86' lang='lat' dir='ltr'><strong>circumspecta-</strong></span> 
     </span>
    </p>

    <p class='ocr_par' dir='ltr' id='par_1_3' title="bbox 309 725 626 789">
     <span class='ocr_line' id='line_1_5' title="bbox 309 725 626 789; baseline 0 -3"><span class='ocrx_word' id='word_1_25' title='bbox 309 747 360 787; x_wconf 57' lang='grc' dir='ltr'><strong>πο</strong></span> <span class='ocrx_word' id='word_1_26' title='bbox 373 725 626 789; x_wconf 83' lang='lat' dir='ltr'><strong>bantur.</strong></span> 
     </span>
    </p>

    <p class='ocr_par' dir='ltr' id='par_1_4' title="bbox 370 827 2197 1226">
     <span class='ocr_line' id='line_1_6' title="bbox 507 827 2197 914; baseline 0 -22"><span class='ocrx_word' id='word_1_27' title='bbox 507 829 608 893; x_wconf 82' lang='lat'><strong>70.</strong></span> <span class='ocrx_word' id='word_1_28' title='bbox 671 827 799 893; x_wconf 83' lang='lat' dir='ltr'><strong>Sed</strong></span> <span class='ocrx_word' id='word_1_29' title='bbox 831 827 1070 893; x_wconf 80' lang='lat' dir='ltr'><strong>Caesar</strong></span> <span class='ocrx_word' id='word_1_30' title='bbox 1117 827 1455 893; x_wconf 83' lang='lat' dir='ltr'>sollemnia</span> <span class='ocrx_word' id='word_1_31' title='bbox 1490 827 1853 914; x_wconf 87' lang='lat' dir='ltr'><strong>incipientis</strong></span> <span class='ocrx_word' id='word_1_32' title='bbox 1884 828 2032 892; x_wconf 91' lang='lat' dir='ltr'><strong>anni</strong></span> <span class='ocrx_word' id='word_1_33' title='bbox 2075 828 2197 892; x_wconf 89' lang='lat' dir='ltr'><strong>ka-</strong></span> 
     </span>
     <span class='ocr_line' id='line_1_7' title="bbox 371 919 2195 1017; baseline 0.001 -22"><span class='ocrx_word' id='word_1_34' title='bbox 371 919 921 1000; x_wconf 72' lang='lat' dir='ltr'><strong>lendis&#39;lanuariis</strong></span> <span class='ocrx_word' id='word_1_35' title='bbox 954 931 1227 1015; x_wconf 83' lang='lat' dir='ltr'><strong>epistula</strong></span> <span class='ocrx_word' id='word_1_36' title='bbox 1248 937 1546 1017; x_wconf 76' lang='lat' dir='ltr'><strong>precatus</strong></span> <span class='ocrx_word' id='word_1_37' title='bbox 1574 932 1769 997; x_wconf 86' lang='lat' dir='ltr'><strong>vertit</strong></span> <span class='ocrx_word' id='word_1_38' title='bbox 1796 931 1863 996; x_wconf 90' lang='lat' dir='ltr'><strong>in</strong></span> <span class='ocrx_word' id='word_1_39' title='bbox 1884 930 2195 996; x_wconf 83' lang='lat' dir='ltr'><strong>Sabinum</strong></span> 
     </span>
     <span class='ocr_line' id='line_1_8' title="bbox 373 1035 2195 1122; baseline 0.001 -22"><span class='ocrx_word' id='word_1_40' title='bbox 373 1042 710 1122; x_wconf 86' lang='lat' dir='ltr'><strong>corruptos</strong></span> <span class='ocrx_word' id='word_1_41' title='bbox 755 1035 1071 1122; x_wconf 88' lang='lat' dir='ltr'><strong>quosdam</strong></span> <span class='ocrx_word' id='word_1_42' title='bbox 1116 1037 1497 1102; x_wconf 88' lang='lat' dir='ltr'><strong>libertorum</strong></span> <span class='ocrx_word' id='word_1_43' title='bbox 1543 1042 1609 1102; x_wconf 92' lang='lat' dir='ltr'><strong>et</strong></span> <span class='ocrx_word' id='word_1_44' title='bbox 1652 1036 1928 1122; x_wconf 90' lang='lat' dir='ltr'><strong>petitum</strong></span> <span class='ocrx_word' id='word_1_45' title='bbox 1975 1057 2046 1101; x_wconf 88' lang='lat' dir='ltr'><strong>se</strong></span> <span class='ocrx_word' id='word_1_46' title='bbox 2090 1058 2195 1101; x_wconf 90' lang='lat' dir='ltr'><strong>ar·</strong></span> 
     </span>
     <span class='ocr_line' id='line_1_9' title="bbox 370 1140 2197 1226; baseline 0.002 -22"><span class='ocrx_word' id='word_1_47' title='bbox 370 1161 575 1225; x_wconf 88' lang='lat' dir='ltr'><strong>guens</strong></span> <span class='ocrx_word' id='word_1_48' title='bbox 618 1140 1062 1226; x_wconf 86' lang='lat' dir='ltr'><strong>ultionemque</strong></span> <span class='ocrx_word' id='word_1_49' title='bbox 1121 1141 1297 1205; x_wconf 89' lang='lat' dir='ltr'><strong>haud</strong></span> <span class='ocrx_word' id='word_1_50' title='bbox 1340 1143 1613 1207; x_wconf 78' lang='lat' dir='ltr'><strong>obscure</strong></span> <span class='ocrx_word' id='word_1_51' title='bbox 1659 1141 1986 1226; x_wconf 88' lang='lat' dir='ltr'><strong>poscebat.</strong></span> <span class='ocrx_word' id='word_1_52' title='bbox 2071 1162 2197 1207; x_wconf 91' lang='lat' dir='ltr'><strong>nec</strong></span> 
     </span>
    </p>

    <p class='ocr_par' dir='ltr' id='par_1_5' title="bbox 330 1243 2197 1748">
     <span class='ocr_line' id='line_1_10' title="bbox 330 1243 2197 1329; baseline 0.002 -24"><span class='ocrx_word' id='word_1_53' title='bbox 330 1264 553 1309; x_wconf 60' lang='lat' dir='ltr'><strong>amora</strong></span> <span class='ocrx_word' id='word_1_54' title='bbox 597 1245 748 1329; x_wconf 92' lang='lat' dir='ltr'><strong>quin</strong></span> <span class='ocrx_word' id='word_1_55' title='bbox 795 1243 1283 1327; x_wconf 83' lang='lat' dir='ltr'><strong>decerneretur3</strong></span> <span class='ocrx_word' id='word_1_56' title='bbox 1331 1253 1398 1311; x_wconf 88' lang='lat' dir='ltr'><strong>et</strong></span> <span class='ocrx_word' id='word_1_57' title='bbox 1430 1244 1803 1311; x_wconf 88' lang='lat' dir='ltr'><strong>trahebatur</strong></span> <span class='ocrx_word' id='word_1_58' title='bbox 1834 1244 2197 1327; x_wconf 83' lang='lat' dir='ltr'><strong>damnatus,</strong></span> 
     </span>
     <span class='ocr_line' id='line_1_11' title="bbox 369 1348 2192 1434; baseline 0.001 -22"><span class='ocrx_word' id='word_1_59' title='bbox 369 1353 676 1434; x_wconf 88' lang='lat' dir='ltr'><strong>quantum</strong></span> <span class='ocrx_word' id='word_1_60' title='bbox 722 1348 1004 1414; x_wconf 90' lang='lat' dir='ltr'><strong>obducta</strong></span> <span class='ocrx_word' id='word_1_61' title='bbox 1044 1357 1228 1415; x_wconf 84' lang='lat' dir='ltr'><strong>veste</strong></span> <span class='ocrx_word' id='word_1_62' title='bbox 1277 1355 1344 1415; x_wconf 90' lang='lat' dir='ltr'><strong>et</strong></span> <span class='ocrx_word' id='word_1_63' title='bbox 1387 1349 1707 1415; x_wconf 86' lang='lat' dir='ltr'><strong>adstrictis</strong></span> <span class='ocrx_word' id='word_1_64' title='bbox 1735 1349 2029 1414; x_wconf 87' lang='lat' dir='ltr'><strong>faucibus</strong></span> <span class='ocrx_word' id='word_1_65' title='bbox 2070 1349 2192 1413; x_wconf 86' lang='lat' dir='ltr'><strong>niti</strong></span> 
     </span>
     <span class='ocr_line' id='line_1_12' title="bbox 368 1453 2195 1538; baseline 0 -20"><span class='ocrx_word' id='word_1_66' title='bbox 368 1460 640 1538; x_wconf 85' lang='lat' dir='ltr'><strong>poterat,</strong></span> <span class='ocrx_word' id='word_1_67' title='bbox 689 1453 1019 1518; x_wconf 88' lang='lat' dir='ltr'><strong>clamitans</strong></span> <span class='ocrx_word' id='word_1_68' title='bbox 1065 1453 1155 1516; x_wconf 91' lang='lat' dir='ltr'><strong>sic</strong></span> <span class='ocrx_word' id='word_1_69' title='bbox 1186 1453 1477 1518; x_wconf 88' lang='lat' dir='ltr'><strong>inchoari</strong></span> <span class='ocrx_word' id='word_1_70' title='bbox 1508 1474 1763 1537; x_wconf 87' lang='lat' dir='ltr'><strong>annum,</strong></span> <span class='ocrx_word' id='word_1_71' title='bbox 1808 1455 1924 1517; x_wconf 88' lang='lat' dir='ltr'><strong>has</strong></span> <span class='ocrx_word' id='word_1_72' title='bbox 1954 1453 2195 1518; x_wconf 83' lang='lat' dir='ltr'><strong>Seiano</strong></span> 
     </span>
     <span class='ocr_line' id='line_1_13' title="bbox 366 1557 2197 1643; baseline -0.001 -19"><span class='ocrx_word' id='word_1_73' title='bbox 366 1559 658 1624; x_wconf 80' lang='lat' dir='ltr'><strong>victimas</strong></span> <span class='ocrx_word' id='word_1_74' title='bbox 687 1558 942 1624; x_wconf 88' lang='lat' dir='ltr'><strong>cadere.</strong></span> <span class='ocrx_word' id='word_1_75' title='bbox 1003 1576 1129 1643; x_wconf 94' lang='lat' dir='ltr'><strong>quo</strong></span> <span class='ocrx_word' id='word_1_76' title='bbox 1151 1557 1535 1624; x_wconf 83' lang='lat' dir='ltr'><strong>intendisset</strong></span> <span class='ocrx_word' id='word_1_77' title='bbox 1564 1561 1805 1640; x_wconf 88' lang='lat' dir='ltr'><strong>oculos,</strong></span> <span class='ocrx_word' id='word_1_78' title='bbox 1838 1578 1965 1643; x_wconf 92' lang='lat' dir='ltr'><strong>quo</strong></span> <span class='ocrx_word' id='word_1_79' title='bbox 1992 1557 2197 1622; x_wconf 79' lang='lat' dir='ltr'><strong>verba</strong></span> 
     </span>
     <span class='ocr_line' id='line_1_14' title="bbox 367 1659 2197 1748; baseline -0.002 -21"><span class='ocrx_word' id='word_1_80' title='bbox 367 1659 755 1745; x_wconf 81' lang='lat' dir='ltr'><strong>acciderent,</strong></span> <span class='ocrx_word' id='word_1_81' title='bbox 799 1664 952 1748; x_wconf 86' lang='lat' dir='ltr'><strong>fuga</strong></span> <span class='ocrx_word' id='word_1_82' title='bbox 995 1663 1294 1745; x_wconf 81' lang='lat' dir='ltr'><strong>vastitas,</strong></span> <span class='ocrx_word' id='word_1_83' title='bbox 1341 1662 1553 1728; x_wconf 89' lang='lat' dir='ltr'><strong>deseri</strong></span> <span class='ocrx_word' id='word_1_84' title='bbox 1598 1663 1831 1727; x_wconf 85' lang='lat' dir='ltr'><strong>itinera</strong></span> <span class='ocrx_word' id='word_1_85' title='bbox 1874 1662 2034 1726; x_wconf 88' lang='lat' dir='ltr'><strong>fora.</strong></span> <span class='ocrx_word' id='word_1_86' title='bbox 2126 1667 2197 1725; x_wconf 88' lang='lat' dir='ltr'><strong>et</strong></span> 
     </span>
    </p>

    <p class='ocr_par' dir='ltr' id='par_1_6' title="bbox 301 1765 2191 2268">
     <span class='ocr_line' id='line_1_15' title="bbox 301 1765 2189 1852; baseline -0.001 -22"><span class='ocrx_word' id='word_1_87' title='bbox 301 1783 352 1822; x_wconf 90' lang='lat'><strong>10</strong></span> <span class='ocrx_word' id='word_1_88' title='bbox 368 1765 626 1852; x_wconf 90' lang='lat' dir='ltr'><strong>quidam</strong></span> <span class='ocrx_word' id='word_1_89' title='bbox 669 1767 1203 1850; x_wconf 87' lang='lat' dir='ltr'><strong>regrediebantur</strong></span> <span class='ocrx_word' id='word_1_90' title='bbox 1244 1766 1778 1851; x_wconf 85' lang='lat' dir='ltr'><strong>ostentabantque</strong></span> <span class='ocrx_word' id='word_1_91' title='bbox 1824 1785 1893 1831; x_wconf 87' lang='lat' dir='ltr'><strong>se</strong></span> <span class='ocrx_word' id='word_1_92' title='bbox 1936 1784 2189 1830; x_wconf 85' lang='lat' dir='ltr'><strong>rursum</strong></span> 
     </span>
     <span class='ocr_line' id='line_1_16' title="bbox 365 1869 2189 1957; baseline -0.001 -23"><span class='ocrx_word' id='word_1_93' title='bbox 365 1870 432 1935; x_wconf 90' lang='lat' dir='ltr'><strong>id</strong></span> <span class='ocrx_word' id='word_1_94' title='bbox 478 1870 688 1957; x_wconf 79' lang='lat' dir='ltr'><strong>ipsum&#39;</strong></span> <span class='ocrx_word' id='word_1_95' title='bbox 733 1877 1042 1957; x_wconf 84' lang='lat' dir='ltr'><strong>paventes</strong></span> <span class='ocrx_word' id='word_1_96' title='bbox 1089 1870 1262 1957; x_wconf 89' lang='lat' dir='ltr'><strong>quod</strong></span> <span class='ocrx_word' id='word_1_97' title='bbox 1307 1871 1685 1936; x_wconf 87' lang='lat' dir='ltr'><strong>timuissent.</strong></span> <span class='ocrx_word' id='word_1_98' title='bbox 1778 1891 1968 1955; x_wconf 88' lang='lat' dir='ltr'><strong>quem</strong></span> <span class='ocrx_word' id='word_1_99' title='bbox 2017 1869 2189 1934; x_wconf 90' lang='lat' dir='ltr'><strong>enim</strong></span> 
     </span>
     <span class='ocr_line' id='line_1_17' title="bbox 369 1964 2191 2061; baseline 0.001 -22"><span class='ocrx_word' id='word_1_100' title='bbox 369 1974 539 2041; x_wconf 89' lang='lat' dir='ltr'><strong>diem</strong></span> <span class='ocrx_word' id='word_1_101' title='bbox 569 1997 842 2043; x_wconf 84' lang='lat' dir='ltr'><strong>vacuum</strong></span> <span class='ocrx_word' id='word_1_102' title='bbox 871 1996 1102 2060; x_wconf 87' lang='lat' dir='ltr'><strong>poena,</strong></span> <span class='ocrx_word' id='word_1_103' title='bbox 1147 1976 1259 2039; x_wconf 92' lang='lat' dir='ltr'><strong>ubi</strong></span> <span class='ocrx_word' id='word_1_104' title='bbox 1304 1975 1473 2039; x_wconf 91' lang='lat' dir='ltr'><strong>inter</strong></span> <span class='ocrx_word' id='word_1_105' title='bbox 1518 1996 1698 2039; x_wconf 90' lang='lat' dir='ltr'><strong>sacra</strong></span> <span class='ocrx_word' id='word_1_106' title='bbox 1744 1964 1809 2041; x_wconf 88' lang='lat' dir='ltr'><strong>et</strong></span> <span class='ocrx_word' id='word_1_107' title='bbox 1838 1980 2012 2058; x_wconf 84' lang='lat' dir='ltr'><strong>vota,</strong></span> <span class='ocrx_word' id='word_1_108' title='bbox 2058 1996 2191 2061; x_wconf 91' lang='lat' dir='ltr'><strong>quo</strong></span> 
     </span>
     <span class='ocr_line' id='line_1_18' title="bbox 364 2077 2189 2164; baseline -0.001 -21"><span class='ocrx_word' id='word_1_109' title='bbox 364 2084 657 2164; x_wconf 87' lang='lat' dir='ltr'><strong>tempore</strong></span> <span class='ocrx_word' id='word_1_110' title='bbox 697 2079 911 2145; x_wconf 79' lang='lat' dir='ltr'><strong>verbis</strong></span> <span class='ocrx_word' id='word_1_111' title='bbox 944 2079 1139 2143; x_wconf 89' lang='lat' dir='ltr'><strong>etiam</strong></span> <span class='ocrx_word' id='word_1_112' title='bbox 1170 2078 1459 2164; x_wconf 85' lang='lat' dir='ltr'><strong>profanis</strong></span> <span class='ocrx_word' id='word_1_113' title='bbox 1487 2077 1791 2144; x_wconf 87' lang='lat' dir='ltr'><strong>abstineri</strong></span> <span class='ocrx_word' id='word_1_114' title='bbox 1812 2083 1963 2143; x_wconf 58' lang='lat' dir='ltr'><strong>‘mos</strong></span> <span class='ocrx_word' id='word_1_115' title='bbox 1996 2084 2189 2162; x_wconf 83' lang='lat' dir='ltr'><strong>esset,</strong></span> 
     </span>
     <span class='ocr_line' id='line_1_19' title="bbox 363 2182 2186 2268; baseline -0.002 -18"><span class='ocrx_word' id='word_1_116' title='bbox 363 2183 574 2251; x_wconf 80' lang='lat' dir='ltr'><strong>vincla</strong></span> <span class='ocrx_word' id='word_1_117' title='bbox 629 2188 697 2249; x_wconf 87' lang='lat' dir='ltr'><strong>et</strong></span> <span class='ocrx_word' id='word_1_118' title='bbox 756 2185 1025 2268; x_wconf 89' lang='lat' dir='ltr'><strong>laqueus</strong></span> <span class='ocrx_word' id='word_1_119' title='bbox 1083 2182 1509 2248; x_wconf 75' lang='lat' dir='ltr'><strong>inducantur?</strong></span> <span class='ocrx_word' id='word_1_120' title='bbox 1599 2205 1731 2249; x_wconf 91' lang='lat' dir='ltr'><strong>non</strong></span> <span class='ocrx_word' id='word_1_121' title='bbox 1787 2183 2018 2249; x_wconf 90' lang='lat' dir='ltr'><strong>rudem</strong></span> <span class='ocrx_word' id='word_1_122' title='bbox 2076 2182 2186 2247; x_wconf 83' lang='lat' dir='ltr'><strong>Ti-</strong></span> 
     </span>
    </p>

    <p class='ocr_par' dir='ltr' id='par_1_7' title="bbox 295 2285 2191 2791">
     <span class='ocr_line' id='line_1_20' title="bbox 295 2285 2185 2372; baseline 0.001 -23"><span class='ocrx_word' id='word_1_123' title='bbox 295 2310 346 2349; x_wconf 84' lang='lat'><strong>15</strong></span> <span class='ocrx_word' id='word_1_124' title='bbox 363 2289 612 2355; x_wconf 78' lang='lat' dir='ltr'><strong>borium</strong></span> <span class='ocrx_word' id='word_1_125' title='bbox 669 2292 914 2352; x_wconf 88' lang='lat' dir='ltr'><strong>tantam</strong></span> <span class='ocrx_word' id='word_1_126' title='bbox 971 2286 1281 2352; x_wconf 87' lang='lat' dir='ltr'><strong>invidiam</strong></span> <span class='ocrx_word' id='word_1_127' title='bbox 1343 2287 1594 2371; x_wconf 89' lang='lat' dir='ltr'><strong>adisse,</strong></span> <span class='ocrx_word' id='word_1_128' title='bbox 1656 2292 1755 2351; x_wconf 90' lang='lat' dir='ltr'><strong>set</strong></span> <span class='ocrx_word' id='word_1_129' title='bbox 1805 2285 2185 2372; x_wconf 74' lang='lat' dir='ltr'><strong>vquaesitum</strong></span> 
     </span>
     <span class='ocr_line' id='line_1_21' title="bbox 365 2390 2189 2477; baseline -0.001 -22"><span class='ocrx_word' id='word_1_130' title='bbox 365 2391 892 2475; x_wconf 89' lang='lat' dir='ltr'><strong>meditatumque,</strong></span> <span class='ocrx_word' id='word_1_131' title='bbox 908 2390 1150 2476; x_wconf 91' lang='lat' dir='ltr'><strong>nequid</strong></span> <span class='ocrx_word' id='word_1_132' title='bbox 1167 2390 1484 2476; x_wconf 87' lang='lat' dir='ltr'><strong>impedire</strong></span> <span class='ocrx_word' id='word_1_133' title='bbox 1506 2390 1805 2457; x_wconf 87' lang='lat' dir='ltr'><strong>credatur</strong></span> <span class='ocrx_word' id='word_1_134' title='bbox 1825 2412 1952 2477; x_wconf 91' lang='lat' dir='ltr'><strong>quo</strong></span> <span class='ocrx_word' id='word_1_135' title='bbox 1972 2391 2189 2456; x_wconf 88' lang='lat' dir='ltr'><strong>minus</strong></span> 
     </span>
     <span class='ocr_line' id='line_1_22' title="bbox 361 2494 2191 2581; baseline -0.001 -21"><span class='ocrx_word' id='word_1_136' title='bbox 361 2495 516 2560; x_wconf 86' lang='lat' dir='ltr'><strong>novi</strong></span> <span class='ocrx_word' id='word_1_137' title='bbox 557 2494 999 2578; x_wconf 86' lang='lat' dir='ltr'><strong>magistratus‚-</strong></span> <span class='ocrx_word' id='word_1_138' title='bbox 1033 2516 1160 2581; x_wconf 92' lang='lat' dir='ltr'><strong>quo</strong></span> <span class='ocrx_word' id='word_1_139' title='bbox 1188 2495 1388 2561; x_wconf 90' lang='lat' dir='ltr'><strong>modo</strong></span> <span class='ocrx_word' id='word_1_140' title='bbox 1422 2496 1693 2562; x_wconf 87' lang='lat' dir='ltr'><strong>delubra</strong></span> <span class='ocrx_word' id='word_1_141' title='bbox 1724 2502 1789 2562; x_wconf 91' lang='lat' dir='ltr'><strong>et</strong></span> <span class='ocrx_word' id='word_1_142' title='bbox 1819 2497 2063 2579; x_wconf 85' lang='lat' dir='ltr'><strong>altaria,</strong></span> <span class='ocrx_word' id='word_1_143' title='bbox 2095 2496 2191 2559; x_wconf 87' lang='lat' dir='ltr'><strong>sic</strong></span> 
     </span>
     <span class='ocr_line' id='line_1_23' title="bbox 363 2598 2186 2685; baseline 0.001 -22"><span class='ocrx_word' id='word_1_144' title='bbox 363 2618 685 2663; x_wconf 86' lang='lat' dir='ltr'><strong>carcerem</strong></span> <span class='ocrx_word' id='word_1_145' title='bbox 730 2598 1085 2665; x_wconf 82' lang='lat' dir='ltr'><strong>recludant.</strong></span> <span class='ocrx_word' id='word_1_146' title='bbox 1157 2606 1419 2667; x_wconf 88' lang='lat' dir='ltr'><strong>secutae</strong></span> <span class='ocrx_word' id='word_1_147' title='bbox 1450 2602 1711 2685; x_wconf 89' lang='lat' dir='ltr'><strong>insuper</strong></span> <span class='ocrx_word' id='word_1_148' title='bbox 1736 2602 1990 2667; x_wconf 89' lang='lat' dir='ltr'><strong>litterae</strong></span> <span class='ocrx_word' id='word_1_149' title='bbox 2036 2612 2186 2683; x_wconf 81' lang='lat' dir='ltr'><strong>g‘ra-</strong></span> 
     </span>
     <span class='ocr_line' id='line_1_24' title="bbox 362 2699 2187 2791; baseline 0 -23"><span class='ocrx_word' id='word_1_150' title='bbox 362 2710 460 2770; x_wconf 89' lang='lat' dir='ltr'><strong>tes</strong></span> <span class='ocrx_word' id='word_1_151' title='bbox 501 2705 773 2789; x_wconf 86' lang='lat' dir='ltr'><strong>agentis,</strong></span> <span class='ocrx_word' id='word_1_152' title='bbox 820 2699 995 2791; x_wconf 83' lang='lat' dir='ltr'><strong>quod</strong></span> <span class='ocrx_word' id='word_1_153' title='bbox 1038 2706 1366 2771; x_wconf 89' lang='lat' dir='ltr'><strong>hominem</strong></span> <span class='ocrx_word' id='word_1_154' title='bbox 1411 2706 1729 2772; x_wconf 85' lang='lat' dir='ltr'><strong>infensum</strong></span> <span class='ocrx_word' id='word_1_155' title='bbox 1760 2705 1857 2769; x_wconf 91' lang='lat' dir='ltr'><strong>rei</strong></span> <span class='ocrx_word' id='word_1_156' title='bbox 1886 2704 2187 2790; x_wconf 82' lang='lat' dir='ltr'><strong>publicae</strong></span> 
     </span>
    </p>

    <p class='ocr_par' dir='ltr' id='par_1_8' title="bbox 293 2808 2191 3206">
     <span class='ocr_line' id='line_1_25' title="bbox 293 2808 2191 2895; baseline -0.001 -20"><span class='ocrx_word' id='word_1_157' title='bbox 293 2834 344 2875; x_wconf 78' lang='lat'><strong>20</strong></span> <span class='ocrx_word' id='word_1_158' title='bbox 363 2808 784 2895; x_wconf 81' lang='lat' dir='ltr'><strong>punivissent‚</strong></span> <span class='ocrx_word' id='word_1_159' title='bbox 815 2810 1068 2875; x_wconf 89' lang='lat' dir='ltr'><strong>adiecto</strong></span> <span class='ocrx_word' id='word_1_160' title='bbox 1101 2810 1420 2894; x_wconf 88' lang='lat' dir='ltr'><strong>trepidam</strong></span> <span class='ocrx_word' id='word_1_161' title='bbox 1453 2810 1573 2875; x_wconf 88' lang='lat' dir='ltr'><strong>sibi</strong></span> <span class='ocrx_word' id='word_1_162' title='bbox 1603 2809 1823 2892; x_wconf 81' lang='lat' dir='ltr'><strong>vitam,</strong></span> <span class='ocrx_word' id='word_1_163' title='bbox 1852 2815 2191 2893; x_wconf 82' lang='lat' dir='ltr'><strong>suspectas</strong></span> 
     </span>
     <span class='ocr_line' id='line_1_26' title="bbox 367 2908 2181 2997; baseline 0.001 -22"><span class='ocrx_word' id='word_1_164' title='bbox 367 2911 772 2977; x_wconf 90' lang='lat' dir='ltr'><strong>inimicorum</strong></span> <span class='ocrx_word' id='word_1_165' title='bbox 814 2912 1099 2996; x_wconf 87' lang='lat' dir='ltr'><strong>insidias,</strong></span> <span class='ocrx_word' id='word_1_166' title='bbox 1145 2914 1324 2979; x_wconf 88' lang='lat' dir='ltr'><strong>nullo</strong></span> <span class='ocrx_word' id='word_1_167' title='bbox 1356 2908 1735 2978; x_wconf 88' lang='lat' dir='ltr'><strong>nominatim</strong></span> <span class='ocrx_word' id='word_1_168' title='bbox 1780 2913 2181 2997; x_wconf 88' lang='lat' dir='ltr'><strong>conpellato;</strong></span> 
     </span>
     <span class='ocr_line' id='line_1_27' title="bbox 364 3013 2183 3101; baseline -0.001 -20"><span class='ocrx_word' id='word_1_169' title='bbox 364 3036 572 3101; x_wconf 88' lang='lat' dir='ltr'><strong>neque</strong></span> <span class='ocrx_word' id='word_1_170' title='bbox 617 3023 836 3082; x_wconf 89' lang='lat' dir='ltr'><strong>tamen</strong></span> <span class='ocrx_word' id='word_1_171' title='bbox 881 3016 1299 3081; x_wconf 88' lang='lat' dir='ltr'><strong>dubitabatur</strong></span> <span class='ocrx_word' id='word_1_172' title='bbox 1347 3017 1412 3081; x_wconf 89' lang='lat' dir='ltr'><strong>in</strong></span> <span class='ocrx_word' id='word_1_173' title='bbox 1456 3018 1788 3083; x_wconf 88' lang='lat' dir='ltr'><strong>Neronem</strong></span> <span class='ocrx_word' id='word_1_174' title='bbox 1835 3021 1899 3081; x_wconf 91' lang='lat' dir='ltr'><strong>et</strong></span> <span class='ocrx_word' id='word_1_175' title='bbox 1942 3013 2183 3100; x_wconf 85' lang='lat' dir='ltr'><strong>Agrip·</strong></span> 
     </span>
     <span class='ocr_line' id='line_1_28' title="bbox 365 3120 890 3206; baseline 0 -20"><span class='ocrx_word' id='word_1_176' title='bbox 365 3121 580 3206; x_wconf 87' lang='lat' dir='ltr'><strong>pinam</strong></span> <span class='ocrx_word' id='word_1_177' title='bbox 623 3120 890 3187; x_wconf 86' lang='lat' dir='ltr'><strong>intendi.</strong></span> 
     </span>
    </p>

    <p class='ocr_par' dir='ltr' id='par_1_9' title="bbox 366 3222 2186 3517">
     <span class='ocr_line' id='line_1_29' title="bbox 497 3222 2186 3308; baseline -0.002 -19"><span class='ocrx_word' id='word_1_178' title='bbox 497 3225 599 3289; x_wconf 75' lang='lat'><strong>71.</strong></span> <span class='ocrx_word' id='word_1_179' title='bbox 659 3224 747 3288; x_wconf 88' lang='lat' dir='ltr'><strong>Ni</strong></span> <span class='ocrx_word' id='word_1_180' title='bbox 791 3222 950 3287; x_wconf 91' lang='lat' dir='ltr'><strong>mihi</strong></span> <span class='ocrx_word' id='word_1_181' title='bbox 1011 3222 1394 3288; x_wconf 78' lang='lat' dir='ltr'><strong>destinatum</strong></span> <span class='ocrx_word' id='word_1_182' title='bbox 1450 3223 1617 3288; x_wconf 86' lang='lat' dir='ltr'><strong>foret</strong></span> <span class='ocrx_word' id='word_1_183' title='bbox 1662 3243 1847 3287; x_wconf 89' lang='lat' dir='ltr'><strong>suum</strong></span> <span class='ocrx_word' id='word_1_184' title='bbox 1892 3242 2186 3308; x_wconf 86' lang='lat' dir='ltr'><strong>quaeque</strong></span> 
     </span>
     <span class='ocr_line' id='line_1_30' title="bbox 366 3325 2183 3412; baseline 0 -21"><span class='ocrx_word' id='word_1_185' title='bbox 366 3328 434 3392; x_wconf 90' lang='lat' dir='ltr'><strong>in</strong></span> <span class='ocrx_word' id='word_1_186' title='bbox 477 3348 713 3391; x_wconf 88' lang='lat' dir='ltr'><strong>annum</strong></span> <span class='ocrx_word' id='word_1_187' title='bbox 743 3325 1005 3409; x_wconf 85' lang='lat' dir='ltr'><strong>referre,</strong></span> <span class='ocrx_word' id='word_1_188' title='bbox 1051 3328 1284 3392; x_wconf 84' lang='lat' dir='ltr'><strong>avebat</strong></span> <span class='ocrx_word' id='word_1_189' title='bbox 1325 3328 1574 3393; x_wconf 88' lang='lat' dir='ltr'><strong>animus</strong></span> <span class='ocrx_word' id='word_1_190' title='bbox 1603 3330 1809 3394; x_wconf 89' lang='lat' dir='ltr'><strong>antire</strong></span> <span class='ocrx_word' id='word_1_191' title='bbox 1842 3328 2183 3412; x_wconf 88' lang='lat' dir='ltr'><strong>statimque</strong></span> 
     </span>
     <span class='ocr_line' id='line_1_31' title="bbox 369 3431 2183 3517; baseline 0.001 -24"><span class='ocrx_word' id='word_1_192' title='bbox 369 3434 726 3496; x_wconf 87' lang='lat' dir='ltr'><strong>memorare</strong></span> <span class='ocrx_word' id='word_1_193' title='bbox 773 3432 1007 3513; x_wconf 87' lang='lat' dir='ltr'><strong>exitus,</strong></span> <span class='ocrx_word' id='word_1_194' title='bbox 1052 3452 1213 3516; x_wconf 89' lang='lat' dir='ltr'><strong>quos</strong></span> <span class='ocrx_word' id='word_1_195' title='bbox 1243 3431 1535 3496; x_wconf 88' lang='lat' dir='ltr'><strong>Latinius</strong></span> <span class='ocrx_word' id='word_1_196' title='bbox 1572 3438 1762 3517; x_wconf 89' lang='lat' dir='ltr'><strong>atque</strong></span> <span class='ocrx_word' id='word_1_197' title='bbox 1794 3431 2030 3517; x_wconf 90' lang='lat' dir='ltr'><strong>Opsius</strong></span> <span class='ocrx_word' id='word_1_198' title='bbox 2076 3451 2183 3495; x_wconf 81' lang='lat' dir='ltr'><strong>ce-</strong></span> 
     </span>
    </p>
   </div>
   <div class='ocr_carea' id='block_1_3' title="bbox 2417 2169 2435 2976">
    <p class='ocr_par' dir='ltr' id='par_1_10' title="bbox 2417 2169 2435 2976">
     <span class='ocr_line' id='line_1_32' title="bbox 2417 2169 2435 2976; baseline 0 0"><span class='ocrx_word' id='word_1_199' title='bbox 2417 2169 2435 2976; x_wconf 95' lang='lat' dir='ltr'><strong> </strong></span> 
     </span>
    </p>
   </div>
  </div>
 </body>
</html>
