2467 3900
295 175 367 232 76
943 179 1221 220 CORNELII
1249 179 1445 219 'rAcl'rI

289 339 437 422 illis,
494 339 645 403 dum
690 339 1034 424 trepidant,
1086 337 1237 402 dum
1282 336 1633 420 refugiunt,
1682 334 2135 400 evertentibus

289 464 513 509 mensa
571 443 816 525 lumen,
882 443 1188 508 feralibus
1246 443 1373 506 iam
1434 441 1557 506 sibi
1616 441 1901 506 tenebris
1962 441 2136 505 duos

288 547 453 612 ictus
509 547 578 611 in
621 546 872 610 viscera
917 546 1192 623 derexit.
1284 545 1368 610 ad
1412 545 1727 630 gemitum
1774 545 2132 610 con-laben-

223 673 274 712 ιο
288 653 370 716 tis
417 650 760 716 adcurrere
806 650 1058 715 liberti:
1107 657 1172 715 et
1218 649 1418 714 caede
1463 651 1600 716 visa
1638 648 1825 713 miles
1858 647 2132 712 abstitit.

288 754 613 820 accusatio
659 759 876 819 tamen
913 752 1086 838 apud
1116 757 1333 837 patres
1366 751 1857 817 adseveratione
1891 751 2133 816 eadem

285 864 551 943 peracta
607 859 968 943 iuravitque
1016 857 1313 922 Tiberius
1370 858 1729 942 petiturum
1790 879 1861 922 se
1920 857 2131 923 vitam

289 962 582 1047 quamvis
639 963 936 1044 nocenti,
996 962 1124 1027 nisi
1168 963 1594 1028 voluntariam
1644 969 1922 1028 mortem
1968 984 2131 1047 pro-

288 1067 668 1152 peravisset.
727 1090 733 1096 ·
939 1151 952 1162 .
1053 1070 1064 1074 ”
1633 1144 1637 1148 ,

418 1173 520 1236 32.
584 1173 770 1238 Bona
799 1171 966 1236 inter
994 1177 1402 1237 accusatores
1433 1170 1810 1237 dividuntur
1840 1176 1907 1236 et
1934 1191 2133 1254 prae-

289 1282 472 1340 turae
521 1281 706 1340 extra
737 1274 1028 1341 ordinem
1062 1275 1249 1340 datae
1281 1275 1361 1340 iis
1393 1275 1503 1360 qui
1534 1275 1844 1339 senatorii
1877 1275 2131 1339 ordinis

289 1387 492 1445 erant.
581 1384 734 1445 tunc
757 1379 975 1443 ¹Cotta
1017 1379 1403 1444 Messalinus
1463 1401 1545 1445 ne
1590 1380 1808 1465 imago
1854 1378 2133 1443 Libonis

291 1484 632 1568 exsequias
652 1489 1061 1568 posterorum
1083 1485 1501 1549 comitaretur
1522 1483 1789 1567 censuit,
1814 1482 1929 1547 On.
1950 1482 2131 1547 Len-

246 1591 460 1653 atulus
517 1589 745 1674 nequis
790 1587 1162 1653 Scribonius
1209 1593 1717 1672 cognomentum
1758 1587 1958 1652 Drusi
2007 1588 2127 1651 ad-

288 1697 593 1758 sumeret.
682 1693 1226 1778 supplicationum
1291 1695 1428 1760 dies
1488 1692 1837 1780 Pomponii
1902 1693 2128 1758 Flacci

265 1795 608 1877 ,sententia
654 1797 1018 1882 constituti,
1068 1797 1239 1862 dona
1283 1798 1430 1863 Iovi
1472 1799 1666 1864 Marti
1715 1797 2126 1863 Concordiae

287 1905 485 1987 utque
517 1901 754 1967 Iduum
778 1901 1256 1987 Septembrium
1292 1901 1450 1985 dies,
1484 1922 1610 1987 quo
1638 1923 1709 1968 se
1726 1901 1895 1969 Libo
1918 1903 2123 1967 inter-

285 2007 547 2086 fecerat,
591 2008 794 2073 festus
837 2009 1218 2091 haberetur,
1263 2007 1338 2071 L.
1384 2007 1534 2071 Piso
1583 2012 1651 2072 et
1698 2006 1923 2073 Gallus
1968 2004 2121 2071 Asi-

217 2110 430 2175 ionius
464 2117 530 2175 et
575 2111 814 2195 Papius
845 2110 1112 2175 Mutilus
1155 2118 1222 2175 et
1252 2110 1327 2177 L.
1360 2109 1688 2196 Apronius
1732 2111 2131 2194 decrevere3.

289 2234 564 2299 quorum
641 2214 1054 2279 auctoritates
1129 2214 1665 2299 adulationesque
1727 2215 1984 2297 rettuli,
2048 2220 2124 2279 ut

290 2320 560 2384 sciretur
616 2326 802 2383 vetus
845 2320 914 2383 id
957 2321 1026 2384 in
1069 2340 1140 2385 re
1185 2319 1445 2404 publica
1489 2320 1750 2413 malpm.
1839 2317 2009 2384 facta
2055 2326 2124 2383 et

292 2423 373 2487 de
419 2422 888 2487 mathematicis
915 2422 1253 2506 magisque
1284 2422 1477 2486 Italia
1508 2421 1829 2507 pellendis
1858 2426 2121 2487 senatus

290 2526 610 2607 consulta3
680 2546 951 2610 quorum
1016 2546 1051 2589 e
1110 2546 1382 2591 numero
1440 2524 1516 2589 L.
1559 2524 1897 2590 Pituanius
1957 2545 2117 2591 saxo

221 2661 271 2699 15
292 2629 580 2696 deiectus
627 2634 756 2713 est,
801 2630 869 2693 in
912 2629 990 2695 P.
1035 2630 1350 2696 Marcium
1396 2630 1693 2704 consules
1740 2637 1927 2696 extra
1970 2651 2121 2715 por-

289 2740 424 2799 tam
467 2734 887 2820 Esquilinam,
937 2754 1081 2798 cum
1128 2733 1463 2800 classicum
1495 2754 1728 2800 canere
1758 2734 2119 2816 iussissent,

291 2859 470 2903 more
516 2839 728 2923 prisco
777 2838 1136 2903 advertere.
1905 2894 1911 2897 .

421 2943 525 3006 33.
590 2941 899 3007 Proximo
948 2946 1207 3005 senatus
1240 2940 1347 3005 die
1376 2941 1577 3006 multa
1605 2942 1673 3007 in
1700 2942 1927 3007 luxum
1960 2943 2118 3009 civi-

291 3047 442 3112 tatis
489 3045 660 3110 dicta
703 3067 742 3110 a
778 3044 856 3119 Q.
893 3046 1169 3110 Haterio
1220 3046 1557 3129 consulari,
1606 3046 1877 3113 Octavio
1909 3048 2117 3112 Fron-

291 3156 445 3215 tone
490 3157 793 3235 praetura
835 3150 1089 3215 functo:
1137 3149 1599 3235 decretumque
1644 3172 1727 3217 ne
1774 3172 1927 3216 vasa
1958 3172 2117 3215 auro

296 3254 504 3319 solida
548 3253 986 3319 ministrandis
1031 3253 1190 3318 cibis
1234 3255 1498 3339 fierent,
1543 3276 1625 3320 ne
1670 3256 1869 3322 vestis
1914 3255 2121 3319 serica

253 3358 470 3423 sviros
551 3357 866 3423 foedaret.
975 3358 1254 3425 excessit
1312 3359 1558 3426 Fronto
1629 3381 1703 3425 ac
1765 3359 2119 3445 postulavit
