2467 3900
417 267 527 322 104
1072 255 1352 309 commui
1379 269 1574 308 morri

544 433 642 495 73.
676 431 899 495 Funus
932 430 1067 494 sine
1100 415 1484 514 imaginibus
1517 434 1582 494 et
1613 449 1850 514 pompa
1870 449 1989 512 per
2015 428 2252 493 laudes

408 557 482 600 ac
528 536 908 601 memoriam
945 535 1254 599 virtutum
1282 534 1422 598 >eius
1457 534 1710 599 celebre
1743 534 1878 598 fuit.
1958 539 2027 599 et
2061 541 2253 598 erant

408 639 519 725 qui
560 638 830 702 formam
877 644 1155 702 aetatem
1202 659 1406 721 genus
1451 639 1698 722 mortis,
1749 639 1828 704 ob
1862 641 2246 728 propinqui-

406 749 606 809 tatem
668 744 863 808 etiam
916 739 1240 824 locorum,
1301 736 1368 806 in
1415 742 1644 827 quibus
1686 742 1960 826 interiit,
2023 743 2249 828 magni

366 848 765 914 5Alexandri
810 848 955 912 fatis
1005 848 1462 932 adaequarent.
1538 868 1688 910 nam
1718 852 2063 930 utrumque
2101 867 2246 912 cor-

405 974 563 1038 pore
589 953 845 1038 insigni,
877 953 1053 1018 haud
1074 953 1348 1017 multum
1368 952 1634 1036 triginta
1657 971 1856 1016 annos
1883 973 2245 1036 egressum,

406 1079 667 1122 suorum
726 1056 975 1122 insidiis
1035 1065 1338 1122 externas
1397 1057 1564 1121 inter
1610 1062 1839 1140 gentes
1889 1057 2242 1122 occidisse:

405 1162 519 1226 sed
565 1162 749 1227 hunc⁴
780 1160 1001 1225 mitem
1048 1182 1201 1246 erga
1248 1161 1511 1242 amicos,
1568 1161 1893 1226 modicum
1937 1161 2243 1248 volupta-

403 1270 539 1328 tum
582 1287 792 1350 neque
832 1265 1039 1330 minus
1072 1265 1550 1350 proeliatorem,
1599 1265 1793 1330 etiam
1825 1266 1877 1329 si
1908 1256 2246 1330 temeritas

336 1393 387 1434 10
404 1368 633 1433 afuerit
689 1367 1232 1454 praepeditusque
1297 1370 1378 1433 sit
1431 1356 1757 1454 perculsas
1805 1375 1904 1433 tot
1948 1370 2244 1435 victoriis

406 1471 781 1536 Germanias
816 1471 1076 1536 servitio
1111 1493 1426 1557 premere.
1493 1471 1669 1557 quod
1701 1474 1754 1536 si
1787 1475 1962 1538 solus
1995 1475 2246 1540 arbiter

400 1596 651 1657 rerum,
718 1576 771 1639 si
834 1576 971 1641 iure
1016 1581 1101 1641 ⁴et
1160 1577 1422 1641 nomine
1486 1577 1666 1660 regio
1732 1576 1987 1660 fuisset,
2055 1585 2242 1643 tanto

403 1681 757 1765 promptius
804 1667 1256 1746 adsecuturum
1294 1681 1566 1766 gloriam
1595 1681 1883 1764 militiae,
1929 1691 2247 1767 quantum

404 1785 739 1851 clementia
783 1786 1212 1870 temperantia
1257 1786 1489 1850 ceteris
1534 1786 1724 1849 bonis
1769 1785 2012 1850 artibus
2043 1808 2241 1872 prae-

334 1913 383 1953 15
400 1891 685 1956 stitisset.
777 1911 1009 1976 corpus
1074 1895 1419 1975 antequam
1477 1883 1866 1955 cremaretur
1922 1889 2245 1956 nudatum

398 1996 463 2059 in
508 1995 649 2059 foro
695 1992 1266 2078 Antiochensium,
1325 1995 1433 2079 qui
1475 1995 2073 2080 locussepulturae
2127 1997 2244 2061 de-

400 2099 772 2183 stinabatur,
806 2100 1272 2185 praetuleritne
1298 2098 1593 2165 veneficii
1625 2098 1807 2183 signa
1832 2120 2058 2184 parum
2083 2121 2245 2165 con-

401 2204 592 2285 stitit3
654 2224 805 2267 nam
862 2208 934 2266 ut
991 2202 1131 2286 quis
1178 2201 1621 2267 misericordia
1663 2202 1732 2266 in
1779 2200 2246 2269 Germanicum

402 2314 465 2373 et
520 2312 935 2393 praesumpta
980 2306 1343 2390 suspicione
1391 2313 1502 2371 aut
1545 2306 1768 2370 favore
1815 2306 1881 2369 in
1927 2306 2244 2373 Pisonem

329 2440 381 2480 20
399 2412 705 2498 pronior,'
736 2410 972 2475 diversi
1018 2410 1622 2496 interpretabantur.

532 2518 633 2581 74.
704 2514 1149 2579 Consultatum
1219 2515 1369 2580 inde
1437 2515 1605 2580 inter
1671 2516 1924 2597 legatos
1993 2516 2240 2601 quique

400 2622 509 2685 alii
556 2626 924 2686 senatorum
966 2621 1238 2686 aderant
1269 2622 1560 2705 quisnam
1591 2619 1814 2685 Suriae
1846 2621 2240 2706 praeficere-

399 2730 519 2789 tur.
597 2731 663 2790 et
708 2724 938 2789 ceteris
979 2724 1235 2789 modice
1267 2724 1424 2787 nisis
1455 2723 1622 2787 inter
1650 2720 1915 2786 Vibium
1946 2722 2243 2788 Marsum

400 2837 465 2895 et
512 2830 630 2895 Cn.
675 2829 964 2894 Sentium
1022 2830 1129 2893 diu
1177 2829 1570 2913 quae-situm:
1634 2828 1785 2893 dein
1829 2828 2081 2893 Marsus
2131 2852 2239 2894 se-

354 2935 564 2998 sniori
624 2939 689 2999 et
746 2934 953 2997 acrius
1006 2934 1300 2998 tendenti
1349 2932 1568 2998 Sentio
1619 2932 1955 2995 concessit.
2045 2932 2238 3017 isque

395 3038 698 3103 infamem
757 3036 1082 3101 veneficiis
1143 3058 1221 3101 ea
1279 3038 1345 3101 in
1393 3034 1724 3121 provincia
1769 3041 1834 3098 et
1878 3034 2237 3101 Plancinae

396 3162 747 3227 percaram,
793 3140 1052 3205 nomine
1096 3139 1456 3221 Martinam,
1501 3140 1568 3201 in
1611 3136 1839 3201 urbem
1885 3139 2061 3202 misit
2107 3160 2235 3224 po-

398 3243 779 3308 stulantibus
839 3240 1109 3306 Vitellio
1186 3264 1260 3307 ac
1325 3241 1610 3306 Veranio
1687 3242 2047 3327 ceterisque
2119 3248 2236 3329 qui

388 3346 663 3410 ‚crimina
722 3352 788 3410 et
844 3345 1320 3411 accusationem
1367 3350 1695 3430 tamquam
1741 3345 2050 3410 adversus
2096 3348 2234 3414 iam

332 3479 381 3519 10
398 3469 544 3512 reos
588 3448 1007 3513 instruebant.
