2467 3900
433 226 546 283 252
1097 231 1375 272 οοΒΝΕΜΙ
1402 233 1595 272 'rAcrm

435 391 669 454 Miseni
717 388 1010 454 consedit
1067 390 1136 453 in
1181 389 1363 472 villa,
1426 390 1526 454 cui
1569 391 1644 454 L.
1689 389 1994 454 Lucullus
2056 412 2265 475 quon-

436 496 584 560 dam
636 494 952 558 dominUS.
1028 495 1161 558 illic
1208 514 1355 556 eum
1394 493 1909 579 adpropinquare
1943 498 2267 581 supremis

435 600 550 663 tali
595 599 789 663 modo
836 604 1259 683 compertum.
1328 604 1466 662 erat
1502 599 1791 664 medicus
1822 606 1959 664 arte
1990 601 2266 686 insignis

435 703 696 768 nomine
733 703 1080 786 Charicles,
1126 724 1257 767 non
1290 703 1554 787 quidem
1584 725 1815 788 regere
1849 706 2264 771 valetudines

369 826 416 864 10
437 809 742 893 principis
788 809 1036 890 solitus,
1084 809 1336 874 consilii
1379 814 1598 874 tamen
1638 809 1892 892 copiam
1923 812 2265 895 praebere.

436 913 490 976 is
548 915 726 1001 uelut
790 913 1050 997 propria
1115 913 1198 976 ad
1261 914 1525 998 negotia
1586 913 1958 996 digrediens
2018 922 2086 979 et
2144 936 2266 1000 per

439 1016 723 1102 speciem
790 1016 983 1080 officii
1045 1038 1303 1080 manum
1373 1017 1755 1101 complexus
1821 1019 2083 1103 pulsum
2154 1041 2266 1084 ve-

438 1142 665 1185 narum
711 1119 940 1205 attigit.
1029 1141 1238 1204 neque
1285 1121 1548 1185 fefellit:
1597 1143 1744 1186 nam
1791 1121 2110 1206 Tiberine,
2166 1125 2262 1188 in-

441 1234 685 1290 certum
724 1247 806 1288 an
840 1224 1121 1288 offensus
1166 1229 1477 1309 tantoque
1511 1227 1716 1311 magis
1748 1227 1909 1291 iram
1938 1249 2264 1312 premens,

371 1345 422 1383 15
440 1330 778 1395 instaurari
811 1330 1033 1412 epulas
1064 1329 1245 1392 iubet
1276 1330 1745 1414 discumbitque
1778 1332 1950 1396 ultra
1982 1333 2265 1412 solitum,

443 1435 620 1520 quasi
665 1434 899 1498 honori
945 1435 1240 1498 abeuntis
1287 1435 1475 1498 amici
1522 1435 1853 1499 tribueret.
1933 1434 2267 1500 Charicles

441 1549 660 1604 tamen
703 1540 831 1603 labi
865 1539 1157 1623 spiritum
1201 1559 1322 1603 nec
1367 1540 1537 1602 ultra
1581 1538 1847 1602 biduum
1888 1538 2269 1604 duraturum

441 1643 730 1709 Macroni
785 1643 1079 1708 firmavit.
1168 1643 1319 1708 inde
1382 1649 1613 1708 cuncta
1674 1645 2034 1728 conloquiis
2096 1644 2268 1707 inter

441 1752 846 1833 praesentes,
921 1747 1158 1822 nuntiis
1222 1747 1396 1832 apud
1471 1748 1728 1831 legatos
1802 1753 1867 1812 et
1940 1747 2269 1812 exercitus

373 1870 425 1910 2⁰
442 1852 924 1916 festinabantur.
1029 1852 1373 1935 septimum
1439 1852 1761 1916 decimum
1823 1853 1951 1917 kal.
2016 1851 2269 1938 Aprilis

443 1958 791 2022 interclusa
852 1957 1066 2018 anima
1130 1955 1409 2019 creditus
1474 1961 1572 2020 est
1630 1957 2091 2022 mortalitatem
2152 1979 2267 2022 ex-

445 2062 752 2149 plevisse3
818 2069 884 2127 et
947 2061 1148 2125 multo
1215 2065 1582 2143 gratantum
1642 2081 1958 2125 concursu
2020 2061 2105 2124 ad
2166 2081 2269 2124 ca-

443 2168 682 2254 pienda
729 2167 985 2251 imperii
1029 2164 1383 2251 primordia
1430 2164 1631 2227 Gaius
1680 2163 1919 2227 Caesar
1966 2164 2265 2247 egredie-

443 2274 647 2353 batur,
695 2293 840 2335 cum
874 2274 1142 2354 repente
1175 2268 1459 2333 adfertur
1488 2267 1701 2332 redire
1732 2267 1993 2333 Tiberio
2035 2288 2270 2331 vocem

373 2391 425 2428 25
443 2397 518 2441 ac
562 2376 736 2440 visus
781 2374 1126 2458 vocarique
1185 2372 1293 2457 qui
1338 2372 1727 2437 recreandae
1776 2365 2128 2437 defectioni
2174 2375 2265 2437 ci-

443 2480 598 2544 bum
654 2478 999 2543 adferrent.
1089 2497 1293 2562 pavor
1349 2476 1499 2541 hinc
1558 2476 1624 2540 in
1672 2496 1895 2540 omnes
1950 2483 2016 2540 et
2063 2477 2265 2540 ceteri

444 2582 684 2667 passim
721 2582 1024 2667 dispergi,
1071 2603 1138 2645 se
1177 2580 1446 2663 quisque
1479 2589 1799 2645 maestum
1832 2585 1943 2644 aut
1973 2581 2267 2645 nescium

442 2688 722 2769 fingere3
787 2685 1025 2750 Caesar
1068 2685 1135 2749 in
1181 2684 1503 2749 silentium
1551 2684 1716 2749 fixus
1764 2708 1801 2749 a
1847 2706 2101 2749 summa
2147 2707 2264 2769 spe

444 2790 792 2879 novissima
839 2788 1241 2873 expectabat.
1316 2786 1536 2851 Macro
1581 2788 1943 2871 intrepidus
1989 2790 2268 2873 opprimi

373 2917 426 2955 30
446 2915 669 2959 senem
712 2895 953 2957 iniectu
998 2894 1239 2956 multae
1285 2892 1487 2955 vestis
1533 2892 1715 2956 iubet
1762 2892 2137 2978 discedique
2186 2893 2267 2956 ab

446 2999 684 3063 limine.
788 2998 878 3062 sic
935 2997 1230 3062 Tiberius
1293 2995 1499 3060 finivit
1583 3002 1809 3060 octavo
1879 3001 1945 3060 et
2006 3004 2266 3082 septua-

446 3103 694 3187 gesimo
742 3103 968 3165 aetatis
1016 3124 1205 3167 anno,

577 3207 680 3269 51.
743 3205 939 3273 Pater
999 3206 1061 3269 ei
1105 3205 1283 3270 Nero
1335 3212 1400 3269 et
1443 3206 1765 3290 utrimque
1826 3205 2007 3287 origo
2056 3204 2266 3289 gentis

451 3309 793 3390 Claudiae,
858 3330 1243 3393 quamquam
1302 3316 1509 3373 mater
1566 3309 1633 3372 in
1676 3308 1930 3371 Liviam
1989 3314 2055 3371 et
2114 3329 2267 3371 mox

446 3413 678 3476 Iuliam
749 3414 1052 3477 familiam
1119 3414 1575 3498 adoptionibus
1638 3412 1981 3477 transierit.
2083 3432 2267 3475 casus
