2467 3900
697 246 772 284 AB
799 245 1051 286 EXGESSU
1076 247 1206 286 DIVI
1230 247 1485 288 AUGUSTI
1514 246 1576 286 VI
1602 247 1721 286 1—4.
1992 244 2105 300 219

419 404 478 466 3.
541 401 634 465 At
687 402 945 467 Iunium
1008 401 1407 485 Gallionem,
1466 402 1575 487 qui
1634 410 1973 468 censuerat
2033 411 2105 469 ut

286 506 678 590 praetoriani
739 507 898 570 actis
965 506 1303 591 stipendiis
1364 506 1465 571 ius
1531 507 1972 591 apiscerentur
2037 510 2105 574 in

263 611 801 695 ,quattuordecim
836 610 1165 675 ordinibus
1195 610 1489 694 sedendi,
1532 612 1853 676 violenter
1896 613 2103 679 incre-

286 713 444 798 puit,
489 715 668 780 velut
699 736 916 781 coram
944 715 1253 799 rogitans,
1300 716 1455 799 quid
1483 716 1579 780 illi
1610 737 1754 781 cum
1779 717 2106 802 militibus,

286 839 446 903 quos
490 839 700 904 neque
750 819 920 884 dicta
965 839 1174 903 neque
1219 821 1510 905 praemia
1538 823 1661 886 nisi
1705 823 2152 907 imperatoriss

285 924 580 1008 accipere
639 945 754 1009 par
814 934 1006 988 esset.
1094 926 1459 1009 repperisse
1516 925 1694 1010 quod
1738 927 1923 991 divus
1967 925 2106 991 Au-

284 1035 510 1112 gustus
553 1050 684 1094 non
737 1029 1126 1113 providerit:
1191 1051 1274 1094 an
1337 1025 1551 1114 potius
1609 1030 1998 1094 discordiam
2044 1039 2109 1096 et

285 1132 670 1197 seditionem
703 1154 742 1195 a
773 1133 1050 1197 satellite
1087 1133 1307 1198 Seiani
1338 1133 1709 1217 quaesitam,
1758 1154 1884 1217 qua
1912 1133 2107 1199 rudes

284 1237 531 1301 animos
576 1237 836 1302 nomine
870 1236 1132 1300 honoris
1163 1236 1247 1300 ad
1279 1237 1817 1321 corrumpendum
1840 1237 2107 1302 militiae

285 1360 532 1404 morem
559 1339 1008 1424 propelleret?
1060 1341 1185 1405 hoc
1207 1337 1489 1424 pretium
1514 1339 1725 1406 Gallio
1758 1340 2105 1404 meditatae
2126 1366 2175 1405 10

284 1443 668 1508 adulationis
691 1444 857 1525 tulit,
881 1444 1098 1508 statim
1117 1444 1311 1526 curia,
1337 1443 1575 1508 deinde
1598 1443 1788 1507 Italia
1810 1449 2103 1526 exactus3

285 1551 351 1610 et
395 1549 544 1631 quia
587 1546 995 1612 incusabatur
1037 1547 1224 1613 facile
1255 1548 1648 1612 toleraturus
1680 1547 1945 1612 exilium
1992 1547 2105 1612 de-

281 1652 451 1716 lecta
493 1651 742 1734 Lesbo,
802 1651 1010 1716 insula
1066 1652 1269 1716 nobili
1314 1657 1380 1716 et
1426 1672 1719 1733 amoena,
1757 1650 2107 1716 retrahitur

281 1755 346 1819 in
400 1755 628 1820 urbem
683 1755 1170 1839 custoditurque
1239 1755 1534 1820 domibus
1596 1755 2103 1840 magistratuum.

281 1846 487 1924 isdem
535 1861 767 1924 litteris
818 1860 1057 1925 Caesar
1092 1860 1388 1926 Sextium
1432 1859 1872 1933 Paconianum
1915 1879 2102 1943 prae·
2125 1877 2175 1916 15

279 1966 520 2030 torium
564 1967 840 2051 perculit
885 1985 1122 2049 magno
1167 1973 1423 2051 patrum
1467 1962 1737 2048 gaudio,
1794 1964 2104 2029 audacem

278 2070 660 2153 maleficum,
693 2071 980 2137 omnium
1012 2076 1263 2135 secreta
1285 2071 1627 2135 rimantem
1656 2067 2105 2151 delectumque

280 2174 361 2237 ab
406 2174 643 2241 Seiano
691 2175 868 2237 cuius
916 2195 1041 2258 ope
1089 2174 1278 2247 dolus
1326 2173 1490 2237 Gaio
1541 2171 1805 2236 Caesari
1850 2190 2105 2255 parare-

278 2281 403 2340 tur.
485 2277 660 2361 quod
705 2282 1046 2361 postquam
1090 2277 1503 2361 patefactum,
1549 2295 1903 2359 prorupere
1950 2295 2105 2338 con-

281 2386 470 2463 cepta
523 2380 780 2464 pridem
841 2378 991 2445 odia
1051 2386 1118 2443 et
1179 2400 1499 2443 summum
1560 2379 1945 2463 supplicium
1993 2378 2105 2443 de..-
2127 2394 2178 2433 20

283 2483 681 2566 cernebatur,
726 2484 794 2547 ni
839 2484 1169 2568 professus
1213 2482 1525 2559 indicium
1568 2482 1757 2547 foret.

410 2587 470 2650 4.
517 2585 610 2649 Ut
652 2607 809 2651 vero
856 2586 1184 2650 Latinium
1227 2585 1557 2651 Latiarem
1611 2586 1939 2670 ingressus
1984 2594 2107 2671 est,

279 2697 614 2756 accusator
669 2711 744 2753 ac
787 2711 937 2758 reus
982 2690 1162 2754 iuxta
1205 2689 1395 2753 invisi
1439 2689 1877 2772 gratissimum
1922 2713 2108 2777 spec-

279 2795 562 2859 taculum
607 2794 1025 2879 praebebant.
1114 2794 1414 2875 LatiariS,
1459 2799 1532 2857 ut
1576 2794 1817 2877 rettuli,
1863 2797 2109 2879 praeci-,-

278 2918 443 2983 puus
507 2900 663 2964 olim
727 2898 1275 2963 circumveniendi
1328 2898 1483 2963 Titii
1542 2898 1763 2963 Sabini
1829 2906 1895 2964 et
1955 2906 2108 2965 tunc

277 3002 554 3067 luendae
630 3024 882 3087 poenae
957 3004 1221 3087 primus.
1334 3004 1499 3069 inter
1566 3024 1731 3088 quae
1798 3004 2107 3071 Haterius
2126 3030 2151 3067 5

278 3107 572 3193 Agrippa
618 3109 914 3173 consules
961 3108 1110 3173 anni
1154 3107 1386 3192 prioris
1431 3107 1683 3189 invasit,
1732 3128 1843 3171 cur
1884 3114 2108 3172 mutua

279 3214 685 3278 accusatione
731 3213 979 3278 intenta
1022 3234 1191 3279 nunc
1229 3213 1523 3277 silerent:
1573 3217 1817 3276 metum
1846 3232 2107 3295 prorsus

281 3321 347 3380 et
389 3338 601 3383 noxae
633 3317 1091 3382 conscientiam
1123 3338 1243 3402 pro
1275 3316 1542 3381 foedere
1574 3314 1829 3397 haberi3
1880 3320 1947 3379 at
1973 3336 2106 3382 non

279 3421 565 3505 patribus
609 3422 942 3488 reticenda
973 3442 1136 3506 quae
1169 3421 1585 3486 audivissent.
1647 3419 1942 3504 Regulus
1970 3443 2103 3487 ma-

460 3548 464 3554 .
1683 3519 1798 3575 13*
1878 3532 1885 3539 ·
