2467 3900
407 249 433 300 1
444 248 478 300 6
1106 249 1397 306 commu,
1415 249 1609 289 mem

538 411 636 474 18.
704 407 1138 493 Adstrepebat
1167 409 1418 491 vulgus,
1468 408 1734 473 diversis
1769 408 2229 492 incitamentis,

401 515 470 579 hi
514 514 854 579 verberum
897 519 1114 595 notas,
1161 511 1279 594 illi,
1304 513 1633 596 canitiem,
1680 513 1940 597 plurimi
1985 513 2231 578 detrita

403 620 690 704 tegmina
720 623 786 683 et
814 618 1056 682 nudum
1082 637 1316 702 corpus
1344 616 1832 701 exprobrantes.
1888 622 2227 703 postremo

405 745 484 789 eo
544 723 776 787 furoris
820 742 1092 803 venere,
1154 727 1226 785 ut
1282 727 1414 785 tres
1471 721 1765 804 legiones
1825 722 2096 786 miscere
2156 720 2229 785 in

365 843 598 892 ⁵unam
631 825 1033 910 agitaverint.
1112 824 1366 909 depulsi
1396 825 1845 909 aemulatione,
1887 825 2038 910 quia
2066 847 2227 891 suae

406 933 675 1016 quisque
731 929 974 1014 legioni
1034 948 1181 993 eum
1237 929 1555 993 honorem
1613 931 2036 1014 quaerebant,
2092 931 2225 995 alio

406 1042 665 1102 vertunt
695 1043 886 1118 atque
931 1054 1059 1097 una
1102 1038 1234 1097 tres
1264 1033 1509 1118 aquilas
1543 1039 1608 1097 et
1637 1034 1821 1118 signa
1860 1036 2230 1101 cohortium

405 1144 655 1221 locant3
688 1138 877 1203 simul
910 1143 1266 1221 congerunt
1298 1137 1631 1221 caespiteS,
1665 1145 2002 1203 exstruunt
2022 1139 2228 1205 tribu-

406 1246 532 1328 nal,
581 1265 705 1328 quo
750 1243 955 1326 magis
1004 1242 1349 1327 conspicua
1388 1241 1574 1306 sedes
1610 1242 1798 1308 foret.
1872 1264 2230 1328 properan-

341 1367 390 1406 10
407 1349 576 1414 tibus
625 1348 896 1412 Blaesus
940 1345 1200 1412 advenit
1245 1347 1744 1432 increpabatque
1791 1369 1865 1412 ac
1909 1349 2233 1413 retinebat

411 1455 732 1539 singulm,
799 1453 1130 1517 clamitans
1194 1472 1362 1533 ,mea
1421 1451 1636 1535 potius
1702 1451 1899 1518 caede
1958 1452 2228 1517 imbuite

412 1581 670 1624 manus:
712 1557 956 1622 leviore
985 1556 1228 1640 flagitio
1262 1556 1548 1640 legatum
1592 1555 1988 1621 interficietis
2036 1577 2230 1640 quam

413 1664 489 1727 ab
551 1661 939 1746 imperatore
1007 1658 1383 1724 desciscitis,
1472 1664 1583 1722 aut
1639 1658 1977 1723 incolumis
2033 1658 2231 1725 fidem

411 1765 739 1850 legionum
777 1765 1070 1829 retinebo
1112 1768 1223 1827 aut
1261 1762 1587 1849 iugulatus
1628 1763 2089 1847 paenitentiam
2120 1766 2235 1830 ad·

347 1882 397 1921 1⁵
418 1866 756 1934 celerabo‘.

549 1976 646 2039 19.
710 1973 1163 2059 Aggerabatur
1194 1973 1396 2037 nihilo
1429 1974 1639 2037 minus
1679 1994 1943 2059 caespes
1972 1975 2234 2060 iamque

414 2082 663 2165 pectori
704 2100 908 2163 usque
942 2079 1336 2161 adcreverat,
1385 2097 1529 2143 cum
1563 2078 1826 2142 tandem
1870 2079 2238 2163 pervicacia

413 2185 565 2249 victi
620 2184 946 2267 inceptum
1007 2182 1301 2246 omisere.
1387 2181 1661 2246 Blaesus
1717 2182 1919 2247 multa
1976 2182 2239 2247 dicendi

416 2295 552 2352 arte
596 2310 728 2353 non
773 2307 890 2371 per
923 2286 1310 2351 seditionem
1342 2291 1409 2351 et
1450 2285 1668 2350 turbas
1702 2285 2024 2351 desideria
2065 2286 2236 2350 mili-

373 2399 553 2456 stum
597 2391 680 2455 ad
731 2390 1073 2454 Caesarem
1116 2389 1383 2454 ferenda
1426 2389 1551 2454 ait:
1598 2410 1808 2474 neque
1852 2397 2107 2454 veteres
2156 2389 2237 2454 ab

417 2494 910 2579 imperatoribus
939 2494 1164 2577 priscis
1207 2514 1418 2579 neque
1451 2493 1625 2578 ipsos
1662 2513 1701 2556 a
1746 2493 1895 2557 divo
1932 2492 2237 2577 Augusto

419 2605 549 2662 tam
580 2618 750 2663 nova
768 2597 1106 2681 petivisse3
1135 2603 1200 2661 et
1220 2617 1445 2681 parum
1464 2596 1532 2659 in
1557 2603 1850 2681 tempore
1871 2596 2240 2682 incipientis

419 2701 724 2788 principis
783 2721 965 2766 curas
1019 2702 1292 2766 onerari.
1383 2702 1436 2765 si
1495 2708 1712 2766 tamen
1770 2702 2115 2766 tenderent
2174 2702 2242 2765 in

421 2826 579 2891 pace
624 2811 942 2888 temptare
975 2824 1141 2889 quae
1179 2825 1265 2869 ne
1296 2804 1581 2869 civilium
1611 2804 1872 2889 quidem
1918 2805 2243 2869 bellorum

352 2932 400 2970 10
419 2911 698 2975 victores
731 2907 1305 2992 expostulaverint,
1353 2927 1463 2972 cur
1494 2915 1715 2972 contra
1759 2928 2010 2972 morem
2052 2908 2243 2975 obse-

422 3013 569 3099 quii,
619 3018 842 3078 contra
884 3012 979 3077 fas
1027 3011 1403 3097 disciplinae
1447 3011 1579 3078 vim
1623 3013 2064 3077 meditentur?
2128 3013 2245 3077 de-

422 3123 760 3183 cernerent
813 3117 1064 3201 legatos
1109 3137 1309 3201 seque
1374 3137 1588 3182 coram
1646 3118 1950 3183 mandata
1995 3118 2245 3183 darent.

422 3221 866 3287 adclamavere
926 3227 997 3285 ut
1052 3222 1220 3285 filius
1282 3220 1501 3286 Blaesi
1558 3221 1852 3286 tribunus
1910 3222 2246 3307 legatione

426 3346 503 3389 ea
545 3324 920 3409 fungeretur
962 3330 1345 3408 peteretque
1389 3323 1699 3390 militibus
1745 3326 2120 3391 missionem
2168 3326 2248 3391 ab

359 3448 408 3485 1⁶
428 3427 708 3494 sedecim
741 3428 954 3494 annis:
1003 3434 1215 3493 cetera
1246 3428 1683 3511 mandaturos,
1720 3429 1830 3493 ubi
1860 3430 2069 3514 prima
2099 3452 2250 3515 pro-

2431 1998 2439 2175 —bd
2430 1937 2439 1987 Η...
2426 1851 2437 1916 —1-
2429 1713 2437 1838 -.—„n--
