2467 3900
679 263 754 302 AB
781 263 1033 303 Excusso
1059 263 1190 304 n1v1
1215 263 1471 304 Auouszrr
1492 264 1557 304 1v
1585 265 1753 304 55—57.
2007 263 2117 318 199

427 422 530 484 56.
591 419 684 486 At
713 421 1055 506 Zmyrnaei
1099 423 1380 506 repetita
1416 430 1759 507 vetustate,
1806 446 1922 490 seu
1952 427 2119 490 Tan-

294 523 462 587 talus
490 523 650 589 Iove
701 531 877 588 ortus
915 526 1051 590 sive
1083 525 1375 592 Theseus
1408 527 1625 592 divina
1656 535 1721 592 et
1749 530 1889 614 ipse
1922 531 2121 614 stirpe

295 628 430 691 sive
475 649 603 692 una
629 627 1034 694 Amazonum
1079 630 1495 713 condidisset,
1542 633 1998 698 transcendere
2038 633 2121 698 ad

296 754 374 796 ea
430 734 571 818 quis
625 736 908 800 maxime
959 735 1247 800 fidebant
1289 736 1357 800 in
1402 739 1715 821 populum
1756 736 2122 802 Romanum

294 839 537 922 officiis,
581 840 775 904 missa
817 840 1030 904 navali
1078 841 1264 926 copia
1308 862 1438 904 non
1481 841 1677 906 modo
1726 850 1992 906 externa
2040 841 2121 906 ad
2142 867 2165 904 5

293 943 465 1008 bella
509 945 625 1010 sed
672 967 838 1030 quae
881 945 949 1008 in
993 944 1183 1008 Italia
1226 944 1698 1026 tolerabantur3
1754 966 1951 1029 seque
1995 946 2122 1031 pri-

291 1069 431 1113 mos
487 1049 799 1132 templum
841 1048 1018 1112 urbis
1063 1047 1312 1112 Romae
1360 1048 1693 1129 statuisse,
1750 1048 1839 1112 M.
1884 1048 2120 1112 Porcio

295 1152 580 1235 consule,
623 1153 874 1236 magnis
903 1150 1164 1236 quidem
1194 1153 1323 1216 iam
1350 1151 1575 1235 populi
1603 1151 1880 1216 Romani
1910 1153 2123 1234 rebuS,

291 1257 580 1320 nondum
622 1262 840 1322 tamen
886 1255 969 1320 ad
1015 1277 1333 1319 summum
1377 1255 1596 1337 elatis,
1656 1260 1864 1320 stante
1912 1255 2123 1320 adhuc

293 1361 537 1426 Punica
580 1360 740 1425 urbe
787 1367 853 1426 et
897 1360 1128 1425 validis
1172 1381 1291 1444 per
1316 1358 1545 1424 Asiam
1578 1359 1858 1444 regibus.
1935 1361 2122 1425 simul
2142 1383 2193 1422 10

291 1464 368 1528 L.
415 1464 657 1529 Sullam
703 1469 938 1528 testem
982 1463 1392 1553 adferebant:
1454 1465 1835 1548 gravissimo
1880 1465 1944 1529 in
1995 1465 2121 1529 dis-

295 1568 555 1632 crimine
599 1570 926 1633 exercitus
973 1568 1054 1632 ob
1101 1569 1517 1652 asperitatem
1558 1569 1788 1634 hiemis
1826 1575 1892 1632 et
1922 1589 2125 1654 penu-

291 1672 452 1735 riam
497 1671 714 1754 vestis,
762 1693 904 1736 cum
948 1672 1015 1737 id
1045 1672 1391 1754 Zmyrnam
1434 1672 1503 1736 in
1548 1673 1917 1738 contionem
1959 1695 2121 1738 nun-

290 1775 516 1838 tiatum
559 1774 747 1856 foret,
795 1796 1016 1840 omnes
1063 1776 1171 1860 qui
1216 1776 1556 1840 adstabant
1589 1777 1947 1843 detraxisse
1982 1801 2121 1844 cor-

289 1877 433 1963 pori
493 1879 778 1962 tegmina
835 1879 1201 1964 nostrisque
1260 1880 1626 1963 legionibus
1670 1882 1943 1946 misisse.
2032 1882 2123 1946 ita
2140 1909 2191 1946 15

288 1984 502 2065 rogati
562 1984 970 2047 sententiam·
1006 1992 1224 2069 patres
1283 1985 1675 2070 Zmyrnaeos
1733 1988 2121 2071 praetulere.

291 2087 665 2171 censuitque
707 2087 940 2152 Vibius
985 2090 1258 2171 Marsus,
1304 2095 1377 2153 ut
1414 2087 1524 2154 M’.
1570 2088 1849 2174 Lepid0,
1895 2091 1996 2153 cui
2043 2111 2119 2155 ea

288 2190 622 2275 provincia
681 2192 1064 2273 obvenerat,
1127 2214 1321 2277 super
1378 2214 1717 2259 numerum
1774 2193 2119 2277 legaretur,

290 2293 398 2377 qui
460 2295 685 2379 templi
749 2316 966 2359 curam
1028 2296 1405 2382 susciperet.
1496 2304 1561 2363 et
1624 2298 1776 2382 quia
1831 2297 2119 2383 Lepidus

287 2396 425 2480 ipse
475 2396 762 2481 deligere
809 2419 926 2482 per
971 2400 1359 2465 modestiam
1404 2402 1761 2485 abnuebat,
1817 2401 2117 2469 Valerius
2140 2429 2193 2467 20

289 2500 466 2565 Naso
514 2522 549 2565 0
595 2504 936 2588 praetoriis
983 2512 1156 2570 sorte
1205 2506 1437 2569 missus
1480 2513 1597 2571 est.

419 2607 521 2669 57.
582 2606 766 2671 Inter
822 2629 987 2693 quae
1037 2608 1147 2672 diu
1190 2609 1502 2674 meditato
1548 2610 1930 2695 prolatoque
1976 2632 2119 2675 sae-

289 2710 434 2794 pius
481 2711 748 2775 consilio
795 2712 1004 2777 tendit
1052 2711 1291 2777 Caesar
1336 2713 1401 2777 in
1446 2712 1860 2796 Campaniam
1904 2714 2117 2799 specie

289 2814 634 2879 dedicandi
677 2817 924 2902 templa
979 2817 1153 2902 apud
1203 2817 1491 2903 Capuam
1533 2818 1709 2900 Iovi,
1768 2819 1941 2902 apud
1984 2819 2043 2883 N
2053 2840 2119 2883 o-

286 2919 416 2983 lam
476 2918 776 3003 Augusto
799 2970 815 3003 ,
885 2919 1003 2984 sed
1067 2928 1280 2985 certus
1342 2920 1569 3005 procul
1628 2921 1788 2985 urbe
1855 2921 2116 3006 degere.

289 3043 547 3087 causam
575 3023 906 3089 abscessus
939 3044 1323 3109 quamquam
1354 3031 1612 3089 secutus
1638 3026 1948 3110 plurimos
1972 3046 2117 3089 auc·
2135 3052 2159 3088 5

287 3132 500 3191 torum
545 3127 628 3191 ad
674 3128 890 3193 Seiani
935 3135 1106 3193 artes
1150 3130 1403 3213 rettuli,
1466 3131 1615 3214 quia
1656 3136 1873 3195 tamen
1918 3129 2116 3194 caede

289 3230 426 3293 eius
484 3237 738 3314 patrata
791 3254 910 3296 sex
953 3238 1183 3317 postea
1227 3255 1431 3299 annos
1475 3235 1617 3319 pari
1662 3238 1914 3299 secreto
1964 3254 2115 3297 con-

288 3332 498 3398 iunxit
541 3334 950 3420 plerumque,
1005 3357 1204 3400 unum
1248 3338 1330 3401 ad
1376 3338 1587 3422 ipsum
1633 3338 1859 3402 referri
1902 3337 2117 3403 verius

288 3437 388 3521 sit,
449 3440 782 3504 saevitiam
840 3462 914 3505 ac
971 3440 1307 3507 libidinem
1354 3462 1497 3505 cum
1542 3441 1727 3505 factis
1770 3449 2116 3525 promeret,
