2467 3900
698 257 773 294 AB
801 255 1051 296 EXGESSU
1078 255 1207 296 DIVI
1231 255 1489 296 AUGUSTI
1513 255 1576 295 1v
1604 255 1771 294 35—38.
2030 249 2140 306 185

321 418 622 481 stantiam
685 439 896 481 meam
955 439 994 480 a-
1049 417 1377 502 plerisque
1444 415 1907 497 desideratam,
1967 415 2142 499 quod

319 521 516 586 Asiae
560 522 923 586 civitatibus
969 543 1174 606 nuper
1203 521 1381 585 idem
1410 519 1583 585 istud
1613 520 1981 604 petentibus
2010 539 2142 584 non

319 626 441 689 sim
497 626 896 690 adversatus.
988 647 1144 711 ergo
1211 632 1277 690 et
1337 626 1567 711 prioris
1625 626 1863 690 silentii
1920 625 2139 692 defen·
2160 641 2209 678 10

319 729 568 792 sionem
625 737 694 794 et
736 730 890 814 quid
937 730 1004 793 in
1049 731 1332 794 futurum
1378 729 1711 794 statuerim
1754 729 1946 794 simul
1990 749 2141 811 ape-

316 833 496 898 riam.
571 855 714 898 cum
747 833 932 898 divus
961 832 1295 916 Augustus
1334 833 1454 899 sibi
1490 840 1683 918 atque
1716 834 1860 897 urbi
1888 835 2139 899 Romae

316 939 633 1022 templum
679 936 852 1022 apud
893 937 1287 1021 Pergamum
1334 937 1469 1000 sisti
1514 958 1645 1001 non
1689 936 2140 1021 prohibuisset,

319 1042 427 1126 qui
464 1042 681 1105 omnia
707 1041 877 1105 facta
910 1041 1208 1126 dictaque
1242 1042 1377 1106 eius
1409 1042 1549 1106 vice
1583 1031 1747 1124 legis
1781 1041 2139 1123 observem,

316 1146 620 1230 placitum
681 1145 809 1209 iam
857 1147 1226 1230 exemplum
1270 1146 1626 1230 promptius
1676 1133 1937 1209 secutus
1976 1166 2138 1227 sum,
2158 1165 2209 1204 15

321 1251 468 1335 quia
515 1249 715 1314 cultui
760 1269 908 1312 meo
956 1249 1291 1314 veneratio
1342 1254 1604 1314 senatus
1650 1247 2138 1333 adiungebatur.

321 1360 607 1418 ceterum
652 1359 726 1417 ut
771 1354 975 1418 semel
1016 1355 1340 1439 recepisse
1386 1354 1641 1418 veniam
1686 1353 2003 1434 habuerit,
2050 1353 2140 1416 ita

317 1451 435 1542 per
464 1459 828 1542 provincias
860 1459 1073 1543 effigie
1103 1458 1433 1523 numinum
1464 1458 1699 1522 sacrari
1728 1458 2138 1522 ambitiosum

321 1561 700 1646 superbum3
761 1568 826 1625 et
881 1570 1187 1626 vanescet
1230 1551 1516 1644 Augusti
1568 1563 1811 1644 honor,
1874 1563 1928 1625 si
1986 1582 2136 1645 pro-

317 1665 529 1729 miscis
575 1664 1050 1730 adulationibus
1093 1665 1411 1749 vulgatur.
1784 1705 1801 1722 .
2159 1683 2209 1720 20

449 1770 551 1833 38.
615 1771 758 1854 Ego
792 1791 918 1851 me,
964 1776 1178 1854 patres
1213 1770 1576 1854 conscripti,
1624 1771 1964 1834 mortalem
1995 1791 2139 1835 esse

319 1879 384 1938 et
413 1874 744 1938 hominum
777 1873 988 1938 officia
1017 1872 1198 1957 fungi
1229 1863 1513 1958 satisque
1544 1873 1808 1952 habere,
1842 1873 1896 1935 si
1925 1872 2139 1936 locum

316 1980 674 2064 principem
719 1979 1054 2063 impleam,
1117 1984 1184 2042 et
1241 1999 1357 2041 vos
1402 1984 1608 2042 testor
1656 1984 1721 2041 et
1766 1977 2137 2041 meminisse

316 2091 615 2167 posteros
650 2083 834 2164 volo;
885 2082 992 2168 qui
1033 2083 1186 2146 satis
1219 2103 1542 2168 superque
1575 2084 1924 2173 memoriae
1954 2103 2138 2147 meae

317 2188 632 2269 tribuent,
695 2194 768 2251 ut
812 2187 1160 2251 maioribus
1205 2187 1368 2251 meis
1415 2186 1716 2271 dignum,
1774 2208 1991 2251 rerum
2034 2207 2182 2258 ve-‚s

318 2298 592 2354 strarum
616 2290 983 2375 providum,
1032 2295 1433 2355 constantem
1462 2290 1527 2353 in
1560 2289 1887 2375 periculis,
1935 2290 2139 2355 offen-

319 2382 570 2458 sionum
603 2415 722 2477 pro
763 2394 1040 2458 utilitate
1073 2393 1331 2477 publica
1360 2416 1490 2459 non
1521 2393 1826 2478 pavidum
1856 2393 2139 2460 credant.

317 2498 478 2561 haec
523 2499 682 2561 mihi
725 2498 792 2562 in
835 2497 1059 2561 animis
1104 2498 1337 2561 vestris
1381 2500 1641 2583 templa,
1687 2498 1810 2561 hae
1843 2497 2141 2581 pulcher·

317 2598 516 2666 rimae
565 2601 813 2685 effigies
860 2607 926 2665 et
970 2623 1332 2666 mansurae.
1396 2624 1544 2667 nam
1575 2622 1739 2687 quae
1782 2624 1939 2667 saxo
1974 2609 2140 2667 stru-

317 2713 543 2787 untur,
607 2708 661 2769 si
716 2706 1022 2771 iudicium
1085 2714 1496 2791 posterorum
1551 2707 1619 2769 in
1665 2706 1880 2791 odium
1928 2707 2211 2789 vertit,10

317 2833 434 2896 pro
483 2811 840 2895 sepulchris
887 2818 1296 2897 spernuntur.
1385 2811 1659 2897 proinde
1708 2812 1920 2876 socios
1968 2812 2142 2875 cives

321 2915 480 2979 deos
524 2915 702 3000 ipsos
747 2936 1006 2999 precor,
1064 2916 1185 2979 hos
1242 2921 1314 2980 ut
1354 2916 1511 2979 mihi
1574 2916 1655 2980 ad
1700 2916 1894 2980 finem
1939 2936 2143 2999 usque

317 3020 487 3083 vitae
534 3019 816 3102 quietam
865 3026 930 3083 et
972 3019 1459 3103 intellegentem
1505 3020 1770 3084 humani
1817 3020 2141 3103 divinique

317 3124 474 3188 iuris
518 3127 803 3188 mentem
852 3122 1067 3204 duint,
1113 3124 1261 3187 illos
1307 3129 1399 3206 ut,
1445 3122 1833 3208 quandoque
1881 3142 2145 3187 conces-

321 3249 500 3311 ser0,
563 3250 712 3293 cum
767 3226 962 3290 laude
1022 3232 1090 3291 et
1130 3228 1319 3293 bonis
1380 3226 1934 3292 recordationibus
1976 3225 2146 3289 facta
2165 3255 2215 3293 15

321 3337 514 3417 atque
571 3332 806 3395 famam
871 3332 1149 3395 nominis
1211 3331 1341 3395 mei
1397 3328 1911 3415 prosequantur.‘
1999 3351 2143 3414 per-

320 3436 607 3520 stititque
653 3435 926 3519 posthac
960 3436 1226 3499 secretis
1266 3435 1462 3500 etiam
1492 3434 1895 3499 sermonibus
1928 3454 2137 3519 asper·
