2467 3900
750 291 825 331 AB
853 289 1105 332 nxcnssu
1131 291 1263 332 DIVI
1289 291 1545 333 AUGUSTI
1569 291 1633 333 1v
1661 279 1831 332 18-20ss
1986 287 2098 344 173

274 454 328 519 si
375 452 823 518 defensionem
881 457 1246 536 coeptaret,
1310 473 1443 516 non
1505 454 1868 517 occultante
1919 453 2098 518 cuius
2119 475 2168 515 ιε

271 559 369 623 ira
403 562 822 642 premeretur,
870 557 1263 623 conscientia
1305 556 1464 621 belli
1490 556 1785 622 Sacrovir
1817 555 1930 621 diu
1963 555 2092 620 dis-

274 662 624 744 simulatus,
669 662 941 726 victoria
984 682 1103 747 per
1146 661 1479 727 avaritiam
1522 661 1787 726 foedata
1832 668 1898 728 et
1931 682 2098 725 uxor

273 765 461 830 Sosia
488 766 945 848 arguebantur.
1019 784 1142 828 nec
1188 764 1382 829 dubie
1426 765 1931 850 repetundarum
1977 766 2096 831 cri-

273 870 549 935 minibus
594 868 980 950 haerebant,
1035 868 1153 934 sed
1198 874 1429 934 cuncta
1471 869 1849 952 quaestione
1897 869 2096 934 maie-

272 976 455 1040 statis
499 973 789 1040 exercita
836 979 900 1036 et
930 971 1121 1036 Silius
1150 971 1590 1036 imminentem
1624 971 2098 1039 damnationem
2115 993 2166 1032 20

272 1079 635 1145 voluntario
679 1079 805 1143 fine
852 1076 1223 1162 praevertit.

404 1185 509 1248 20.
574 1181 904 1247 Saevitum
948 1185 1165 1245 tamen
1210 1181 1279 1244 in
1323 1181 1526 1263 bona,
1573 1203 1703 1246 non
1746 1187 1818 1244 ut
1857 1183 2098 1267 stipen-

254 1289 493 1353 diariis
537 1287 849 1372 pecuniae
885 1285 1334 1368 redderentur,
1381 1307 1653 1372 quorum
1683 1306 1874 1351 nemo
1906 1307 2095 1370 repe-

274 1394 487 1474 tebat,
538 1391 655 1456 sed
698 1391 1051 1456 liberalitas
1096 1390 1380 1476 Augusti
1425 1384 1674 1474 avulsa,
1735 1393 2098 1477 conputatis

276 1496 648 1581 singillatim
706 1514 872 1579 quae
915 1494 1068 1559 fisco
1116 1497 1527 1579 petebantur.
1617 1517 1696 1560 ea
1738 1496 1945 1581 prima
1987 1495 2096 1560 Ti-

274 1600 455 1666 berio
517 1619 673 1684 erga
724 1600 1065 1685 ‘pecuniam
1126 1601 1405 1665 alienam
1466 1600 1822 1686 diligentia.
1913 1600 2142 1666 sosias

276 1705 345 1769 in
407 1704 673 1769 exilium
736 1703 997 1788 pellitur
1042 1697 1271 1769 Asinii
1341 1705 1515 1770 Galli
1575 1706 1928 1789 sententia,
1991 1705 2100 1790 qui
2165 1747 2174 1756 -

276 1816 528 1893 partem
588 1810 910 1875 bonorum
969 1807 1426 1893 publicandam
1448 1858 1464 1890 ,
1539 1829 1686 1893 pars
1746 1813 1820 1871 ut
1880 1808 2100 1873 liberis

182 1965 188 1970 .
276 1913 749 1998 relinqueretur
782 1921 1140 1980 censuerat.
1200 1918 1428 1978 contra
1455 1911 1567 1979 Μ’.
1597 1912 1882 1998 Lepidus
1916 1933 2102 1998 quar-

278 2023 410 2082 tam
440 2018 921 2084 accusatoribus
960 2017 1318 2083 secundum
1345 2018 1886 2084 necessitudinem
1916 2018 2102 2101 legis,

279 2129 497 2188 cetera
540 2122 760 2187 liberis
806 2122 1145 2188 concessit.
1217 2121 1388 2187 hunc
1433 2142 1555 2207 ego
1586 2121 1910 2206 Lepidum
1939 2125 2101 2187 tem·
2122 2140 2175 2183 10

280 2228 545 2311 poribus
603 2226 731 2290 illis
789 2246 1055 2311 gravem
1114 2232 1179 2291 et
1222 2226 1585 2311 sapientem
1641 2225 1850 2290 virum
1902 2225 2102 2290 fuisse

282 2328 675 2413 comperior:
720 2350 871 2394 nam
916 2330 1224 2413 pleraque
1269 2331 1350 2394 ab
1383 2330 1594 2395 saevis
1625 2330 2102 2395 adulationibus

280 2432 557 2496 aliorum
602 2432 668 2496 in
712 2433 942 2497 melius
983 2433 1185 2498 flexit.
1252 2453 1475 2517 neque
1520 2440 1738 2498 tamen
1781 2440 2103 2518 tempera-

285 2536 487 2600 menti
518 2536 772 2621 egebat,
820 2557 965 2600 cum
1010 2536 1334 2622 aequabili
1378 2538 1761 2602 auctoritate
1795 2543 1862 2603 et
1897 2540 2106 2624 gratia

284 2638 458 2726 apud
514 2638 841 2705 Tiberium
901 2640 1201 2725 viguerit.
1292 2640 1464 2705 unde
1530 2641 1823 2708 dubitare
1888 2664 2106 2728 cogor,
2126 2658 2178 2697 1⁵

282 2745 413 2809 fato
464 2751 529 2809 et
568 2751 743 2810 sorte
786 2744 1126 2826 nascendi,
1172 2750 1245 2808 ut
1287 2744 1568 2829 reliqua,
1614 2746 1706 2810 ita
1749 2745 2109 2833 principum

282 2848 609 2914 inclinatio
656 2850 723 2913 in
768 2846 907 2930 hos,
954 2846 1225 2913 offensio
1275 2844 1342 2912 in
1383 2848 1565 2930 illos,
1611 2869 1693 2913 an
1738 2848 1822 2915 sit
1865 2850 2110 2935 aliquid

281 2953 351 3019 in
378 2954 616 3017 nostris
648 2952 929 3017 consiliis
961 2950 1280 3036 liceatque
1311 2950 1480 3015 inter
1509 2951 1851 3036 abruptam
1883 2961 2106 3019 contu-

286 3056 557 3121 maciam
614 3062 683 3121 et
726 3054 1017 3119 deforme
1064 3053 1444 3139 obsequium
1484 3075 1760 3141 pergere
1805 3056 1932 3122 iter
1975 3078 2110 3121 am-

286 3160 532 3225 bitione
578 3180 655 3223 ac
698 3158 1001 3244 periculis
1035 3177 1333 3223 vacuum.
1397 3164 1466 3221 at
1491 3159 1884 3225 Messalinus
1920 3160 2182 3225 Cottam

286 3263 462 3328 haud
504 3262 715 3326 minus
762 3261 949 3325 claris
990 3260 1358 3343 maioribus,
1405 3261 1524 3325 sed
1552 3262 1766 3327 animo
1802 3263 2114 3345 diversus,

290 3365 539 3431 censuit
582 3365 943 3430 cavendum
988 3368 1250 3429 senatus
1296 3352 1588 3429 consulto
1627 3371 1700 3429 ut
1735 3387 2119 3451 quamquam

289 3470 579 3535 insontes
624 3470 1035 3553 magistratus
1081 3476 1148 3533 et
1180 3470 1410 3553 culpae
1455 3469 1707 3535 alienae
1737 3470 1940 3535 nescii
1968 3490 2121 3555 pro·-
