2467 3900
669 231 744 270 AB
771 229 1021 270 EXOESSU
1049 230 1178 270 DIVI
1204 229 1461 270 AUGUSTI
1486 229 1509 268 1
1536 229 1702 270 18-21.
2008 225 2077 280 17

255 390 606 454 venissent.
694 389 986 474 profecto
1031 389 1267 466 iuvene
1312 390 1638 454 modicum
1679 391 1917 454 otium:
1966 390 2080 455 sed

257 491 590 577 superbire
621 492 827 575 mileS,
874 493 1049 576 quod
1093 492 1263 558 filius
1310 494 1508 577 legati
1539 499 1756 568 orator
1786 495 2080 579 publicae

260 618 493 662 causae
537 599 692 662 satis
729 599 1103 663 ostenderet
1146 599 1529 663 necessitate
1578 620 1889 684 expressa
1916 622 2080 686 quae

256 723 377 788 per
423 702 807 768 modestiam
852 723 985 766 non
1034 703 1481 768 obtinuissent.

391 808 496 870 20.
557 806 819 872 Interea
848 807 1160 891 manipuli
1189 813 1338 871 ante
1369 814 1665 892 coeptam
1697 807 2082 873 seditionem

256 911 665 996 Nauportum
693 911 871 975 missi
899 912 980 976 ob
1009 911 1242 976 itinera
1273 920 1338 975 et
1364 917 1597 996 pontes
1626 917 1691 976 et
1718 912 1878 976 alios
1908 934 2081 994 usus,

255 1023 602 1100 postquam
657 1016 982 1080 turbatum
1039 1017 1106 1079 in
1167 1016 1393 1080 castris
1444 1035 1789 1100 accepere,
1845 1017 2085 1080 vexilla

258 1122 635 1185 convellunt
667 1119 1062 1203 direptisque
1093 1119 1408 1204 proximis
1431 1118 1588 1184 vicis
1617 1119 1887 1204 ipsoque
1906 1119 2081 1184 Nau-

255 1232 468 1310 port0,
517 1224 689 1310 quod
735 1225 1068 1308 municipii
1112 1225 1317 1288 instar
1364 1228 1521 1306 erat,
1566 1224 1903 1288 retinentis
1936 1245 2082 1288 cen·
2104 1247 2127 1284 5

257 1330 550 1394 turiones
579 1329 777 1392 inrisu
798 1336 865 1392 et
894 1327 1320 1409 contumeliiS,
1352 1333 1680 1412 postremo
1706 1327 2085 1392 verberibus

255 1435 674 1517 insectantur,
704 1433 1050 1519 praecipua
1079 1434 1146 1498 in
1176 1431 1595 1498 Aufidienum
1624 1431 1865 1495 Rufum
1897 1453 2082 1516 prae,-

257 1541 502 1604 fectum
555 1544 910 1604 castrorum
970 1539 1098 1621 ira,
1157 1557 1350 1622 quem
1396 1537 1737 1622 dereptum
1786 1535 2081 1600 vehiculo

257 1643 524 1707 sarcinis
572 1648 843 1728 gravant
888 1647 1215 1726 aguntque
1262 1641 1469 1727 primo
1518 1642 1584 1705 in
1630 1643 1921 1724 agmine,
1969 1662 2085 1725 per

256 1746 602 1810 ludibrium
636 1747 993 1828 rogitantes
1039 1767 1122 1810 an
1163 1751 1298 1809 tam
1342 1745 1658 1810 immensa
1690 1766 1906 1828 onera,
1950 1752 2082 1810 tam
2102 1764 2151 1802 10

256 1851 457 1934 longa
506 1851 740 1914 itinera
787 1851 1064 1914 libenter
1127 1849 1343 1915 ferret.
1435 1849 1693 1933 quippe·
1717 1848 1943 1912 Rufus*
1972 1848 2083 1912 diu

259 1954 679 2040 manipularis
703 2004 720 2038 ,
790 1954 939 2019 dein
1005 1954 1293 2019 centurio
1317 2003 1333 2036 ,
1394 1974 1553 2019 mox
1592 1954 1831 2027 ,castris
1893 1975 2080 2039 prae-

255 2059 464 2123 fectus
539 2058 866 2142 antiquam
927 2058 1279 2141 duramque
1351 2058 1647 2122 militiam
1716 2057 2082 2141 revocabat,

254 2170 446 2227 vetus
479 2162 692 2247 operis
738 2185 813 2228 ac
856 2163 1095 2227 laboris
1142 2168 1209 2226 et
1246 2183 1325 2227 eo
1372 2162 1677 2243 inmitior,
1723 2163 1874 2246 quia
1918 2164 2081 2227 tole-

257 2274 540 2332 raverat.
2103 2292 2153 2331 15

392 2373 496 2435 21.
560 2371 814 2436 Horum
875 2372 1160 2435 adventu
1203 2370 1681 2457 redintegratur
1724 2372 1958 2437 seditio
2019 2379 2086 2437 et

257 2476 413 2557 vagi
459 2476 868 2541 circumiecta
923 2477 1417 2561 populabantur.
1506 2475 1778 2540 Blaesus
1844 2497 2085 2560 paucos

257 2581 545 2646 maxime
607 2580 851 2666 praeda
897 2586 1161 2645 onustos
1219 2579 1305 2643 ad
1363 2586 1676 2645 terrorem
1724 2586 2081 2644 ceterorum

260 2684 450 2749 adfici
479 2684 876 2768 verberibUS,
921 2685 1131 2749 claudi
1162 2706 1419 2749 carcere
1450 2684 1664 2765 iubet3
1709 2706 1858 2748 nam
1889 2686 2085 2758 etiam

260 2795 402 2851 tum
464 2789 679 2873 legato
747 2810 786 2853 a
847 2788 1327 2856 centurionibus
1390 2794 1457 2852 et
1520 2790 1764 2873 optimo
1828 2808 2127 2873 quoquef,

259 2891 762 2976 manipularium
813 2892 1175 2977 parebatur.
1278 2892 1373 2955 illi
1420 2892 1622 2956 obniti
1665 2892 2085 2974 trahentibus,

258 3016 570 3081 prensare
617 2994 1163 3063 circumstantium
1208 3014 1453 3079 genua,
1506 2996 1678 3059 ciere
1726 2995 1921 3061 modo
1967 3016 2083 3059 no-

261 3100 440 3164 mina
479 3100 898 3185 singulorum,
943 3099 1139 3165 modo
1173 3100 1527 3164 centuriam
1558 3100 1825 3183 quisque
1859 3099 2087 3163 cohor-

259 3214 400 3270 tem
458 3205 818 3289 legionem,
875 3202 1105 3267 eadem
1153 3202 1451 3267 omnibus
1505 3203 1820 3267 inminere
1866 3202 2084 3266 clami-

260 3312 497 3373 tantes.
588 3307 778 3370 simul
825 3305 1063 3390 probra
1106 3305 1172 3368 in
1214 3306 1499 3389 legatum
1548 3307 1894 3385 cumulant,
1944 3326 2155 3370 cae-10

261 3414 400 3478 lum
431 3433 507 3477 ac
541 3412 702 3476 deos
735 3409 1156 3487 obtestantur,
1203 3410 1365 3473 nihil
1401 3410 1631 3492 reliqui
1662 3407 1922 3489 faciunt,
1957 3428 2083 3491 quo
