<?xml version="1.0" encoding="UTF-8"?>
<!DOCTYPE html PUBLIC "-//W3C//DTD XHTML 1.0 Transitional//EN"
    "http://www.w3.org/TR/xhtml1/DTD/xhtml1-transitional.dtd">
<html xmlns="http://www.w3.org/1999/xhtml" xml:lang="en" lang="en">
 <head>
  <title>
</title>
<meta http-equiv="Content-Type" content="text/html;charset=utf-8" />
  <meta name='ocr-system' content='tesseract 3.04.00' />
  <meta name='ocr-capabilities' content='ocr_page ocr_carea ocr_par ocr_line ocrx_word'/>
</head>
<body>
  <div class='ocr_page' id='page_1' title='image "./corneliitacitia00gitlgoog_0042.png"; bbox 0 0 2467 3900; ppageno 0'>
   <div class='ocr_carea' id='block_1_1' title="bbox 361 183 1516 240">
    <p class='ocr_par' dir='ltr' id='par_1_1' title="bbox 361 183 1516 240">
     <span class='ocr_line' id='line_1_1' title="bbox 361 183 1516 240; baseline -0.003 -9"><span class='ocrx_word' id='word_1_1' title='bbox 361 183 434 240; x_wconf 91' lang='lat'>30</span> <span class='ocrx_word' id='word_1_2' title='bbox 1019 188 1296 228; x_wconf 80' lang='lat' dir='ltr'>CORNELII</span> <span class='ocrx_word' id='word_1_3' title='bbox 1320 188 1516 228; x_wconf 68' lang='lat' dir='ltr'>*mern</span> 
     </span>
    </p>
   </div>
   <div class='ocr_carea' id='block_1_2' title="bbox 286 343 2189 3450">
    <p class='ocr_par' dir='ltr' id='par_1_2' title="bbox 286 343 2189 846">
     <span class='ocr_line' id='line_1_2' title="bbox 358 343 2189 431; baseline 0.001 -23"><span class='ocrx_word' id='word_1_4' title='bbox 358 364 469 408; x_wconf 89' lang='lat' dir='ltr'>cur</span> <span class='ocrx_word' id='word_1_5' title='bbox 527 343 822 408; x_wconf 84' lang='lat' dir='ltr'>venerint</span> <span class='ocrx_word' id='word_1_6' title='bbox 876 345 1072 426; x_wconf 89' lang='lat' dir='ltr'>legati</span> <span class='ocrx_word' id='word_1_7' title='bbox 1123 345 1372 428; x_wconf 72' lang='lat' dir='ltr'>aperit,</span> <span class='ocrx_word' id='word_1_8' title='bbox 1439 347 1536 408; x_wconf 91' lang='lat' dir='ltr'>ius</span> <span class='ocrx_word' id='word_1_9' title='bbox 1592 346 1936 430; x_wconf 82' lang='lat' dir='ltr'>legationis</span> <span class='ocrx_word' id='word_1_10' title='bbox 1981 352 2189 431; x_wconf 87' lang='lat' dir='ltr'>atque</span> 
     </span>
     <span class='ocr_line' id='line_1_3' title="bbox 358 448 2187 536; baseline 0.001 -24"><span class='ocrx_word' id='word_1_11' title='bbox 358 451 554 536; x_wconf 89' lang='lat' dir='ltr'>ipsius</span> <span class='ocrx_word' id='word_1_12' title='bbox 598 448 822 513; x_wconf 84' lang='lat' dir='ltr'>Planci</span> <span class='ocrx_word' id='word_1_13' title='bbox 865 468 1131 530; x_wconf 84' lang='lat' dir='ltr'>gravem</span> <span class='ocrx_word' id='word_1_14' title='bbox 1179 454 1245 511; x_wconf 92' lang='lat' dir='ltr'>et</span> <span class='ocrx_word' id='word_1_15' title='bbox 1288 448 1655 513; x_wconf 85' lang='lat' dir='ltr'>inmeritum</span> <span class='ocrx_word' id='word_1_16' title='bbox 1700 471 1936 531; x_wconf 89' lang='lat' dir='ltr'>casum,</span> <span class='ocrx_word' id='word_1_17' title='bbox 1983 450 2187 513; x_wconf 90' lang='lat' dir='ltr'>simul</span> 
     </span>
     <span class='ocr_line' id='line_1_4' title="bbox 356 552 2186 639; baseline 0 -22"><span class='ocrx_word' id='word_1_18' title='bbox 356 560 662 639; x_wconf 89' lang='lat' dir='ltr'>quantum</span> <span class='ocrx_word' id='word_1_19' title='bbox 709 553 1043 618; x_wconf 87' lang='lat' dir='ltr'>dedecoris</span> <span class='ocrx_word' id='word_1_20' title='bbox 1089 553 1323 618; x_wconf 88' lang='lat' dir='ltr'>adierit</span> <span class='ocrx_word' id='word_1_21' title='bbox 1363 554 1538 635; x_wconf 90' lang='lat' dir='ltr'>legio</span> <span class='ocrx_word' id='word_1_22' title='bbox 1587 552 1859 619; x_wconf 80' lang='lat' dir='ltr'><strong>facunde</strong></span> <span class='ocrx_word' id='word_1_23' title='bbox 1912 555 2186 617; x_wconf 87' lang='lat' dir='ltr'>misera-</span> 
     </span>
     <span class='ocr_line' id='line_1_5' title="bbox 286 657 2184 741; baseline 0 -19"><span class='ocrx_word' id='word_1_24' title='bbox 286 667 459 722; x_wconf 76' lang='lat'>3013111&#39;</span> <span class='ocrx_word' id='word_1_25' title='bbox 505 658 900 741; x_wconf 89' lang='lat' dir='ltr'>attonitaque</span> <span class='ocrx_word' id='word_1_26' title='bbox 954 657 1158 740; x_wconf 89' lang='lat' dir='ltr'>magis</span> <span class='ocrx_word' id='word_1_27' title='bbox 1203 677 1395 740; x_wconf 90' lang='lat' dir='ltr'>quam</span> <span class='ocrx_word' id='word_1_28' title='bbox 1443 657 1659 741; x_wconf 89' lang='lat' dir='ltr'>quieta</span> <span class='ocrx_word' id='word_1_29' title='bbox 1720 657 2020 722; x_wconf 87' lang='lat' dir='ltr'>contione</span> <span class='ocrx_word' id='word_1_30' title='bbox 2082 659 2184 722; x_wconf 88' lang='lat' dir='ltr'>le-</span> 
     </span>
     <span class='ocr_line' id='line_1_6' title="bbox 358 760 2028 846; baseline 0.001 -21"><span class='ocrx_word' id='word_1_31' title='bbox 358 769 543 846; x_wconf 87' lang='lat' dir='ltr'>gatos</span> <span class='ocrx_word' id='word_1_32' title='bbox 588 760 908 846; x_wconf 89' lang='lat' dir='ltr'>praesidio</span> <span class='ocrx_word' id='word_1_33' title='bbox 958 761 1364 824; x_wconf 82' lang='lat' dir='ltr'>auxiliarium</span> <span class='ocrx_word' id='word_1_34' title='bbox 1413 761 1701 845; x_wconf 91' lang='lat' dir='ltr'>equitum</span> <span class='ocrx_word' id='word_1_35' title='bbox 1748 761 2028 827; x_wconf 80' lang='lat' dir='ltr'>dimittit.</span> 
     </span>
    </p>

    <p class='ocr_par' dir='ltr' id='par_1_3' title="bbox 359 865 2184 1264">
     <span class='ocr_line' id='line_1_7' title="bbox 487 865 2184 950; baseline 0.001 -21"><span class='ocrx_word' id='word_1_36' title='bbox 487 867 591 930; x_wconf 82' lang='lat'>40.</span> <span class='ocrx_word' id='word_1_37' title='bbox 649 865 746 930; x_wconf 83' lang='lat' dir='ltr'>Eo</span> <span class='ocrx_word' id='word_1_38' title='bbox 793 866 858 930; x_wconf 91' lang='lat' dir='ltr'>in</span> <span class='ocrx_word' id='word_1_39' title='bbox 904 870 1082 929; x_wconf 89' lang='lat' dir='ltr'>metu</span> <span class='ocrx_word' id='word_1_40' title='bbox 1127 885 1400 948; x_wconf 83' lang='lat' dir='ltr'>arguere</span> <span class='ocrx_word' id='word_1_41' title='bbox 1434 865 1891 931; x_wconf 79' lang='lat' dir='ltr'>Germanicum</span> <span class='ocrx_word' id='word_1_42' title='bbox 1928 889 2184 950; x_wconf 90' lang='lat' dir='ltr'>omnes,</span> 
     </span>
     <span class='ocr_line' id='line_1_8' title="bbox 359 969 2183 1056; baseline 0 -22"><span class='ocrx_word' id='word_1_43' title='bbox 359 971 530 1056; x_wconf 90' lang='lat' dir='ltr'>quod</span> <span class='ocrx_word' id='word_1_44' title='bbox 592 991 723 1035; x_wconf 90' lang='lat' dir='ltr'>non</span> <span class='ocrx_word' id='word_1_45' title='bbox 787 969 868 1034; x_wconf 90' lang='lat' dir='ltr'>ad</span> <span class='ocrx_word' id='word_1_46' title='bbox 951 970 1353 1054; x_wconf 87' lang='lat' dir='ltr'>superiorem</span> <span class='ocrx_word' id='word_1_47' title='bbox 1425 970 1783 1034; x_wconf 86' lang='lat' dir='ltr'>exercitum</span> <span class='ocrx_word' id='word_1_48' title='bbox 1849 977 2183 1055; x_wconf 86' lang='lat' dir='ltr'>pergeret,</span> 
     </span>
     <span class='ocr_line' id='line_1_9' title="bbox 360 1074 2183 1159; baseline -0.001 -20"><span class='ocrx_word' id='word_1_49' title='bbox 360 1075 466 1140; x_wconf 89' lang='lat' dir='ltr'>ubi</span> <span class='ocrx_word' id='word_1_50' title='bbox 529 1074 834 1159; x_wconf 88' lang='lat' dir='ltr'>obsequia</span> <span class='ocrx_word' id='word_1_51' title='bbox 891 1081 955 1138; x_wconf 90' lang='lat' dir='ltr'>et</span> <span class='ocrx_word' id='word_1_52' title='bbox 1015 1079 1239 1138; x_wconf 89' lang='lat' dir='ltr'>contra</span> <span class='ocrx_word' id='word_1_53' title='bbox 1292 1074 1551 1137; x_wconf 89' lang='lat' dir='ltr'>rebellis</span> <span class='ocrx_word' id='word_1_54' title='bbox 1610 1074 1953 1138; x_wconf 87' lang='lat' dir='ltr'>auxilium:</span> <span class='ocrx_word' id='word_1_55' title='bbox 2020 1075 2183 1138; x_wconf 88' lang='lat' dir='ltr'>satis</span> 
     </span>
     <span class='ocr_line' id='line_1_10' title="bbox 359 1177 2181 1264; baseline -0.002 -20"><span class='ocrx_word' id='word_1_56' title='bbox 359 1177 676 1264; x_wconf 90' lang='lat' dir='ltr'>superque</span> <span class='ocrx_word' id='word_1_57' title='bbox 735 1177 1039 1241; x_wconf 82' lang='lat' dir='ltr'>missione</span> <span class='ocrx_word' id='word_1_58' title='bbox 1086 1182 1154 1240; x_wconf 89' lang='lat' dir='ltr'>et</span> <span class='ocrx_word' id='word_1_59' title='bbox 1208 1177 1484 1260; x_wconf 88' lang='lat' dir='ltr'>pecunia</span> <span class='ocrx_word' id='word_1_60' title='bbox 1530 1183 1597 1240; x_wconf 92' lang='lat' dir='ltr'>et</span> <span class='ocrx_word' id='word_1_61' title='bbox 1657 1177 1960 1241; x_wconf 90' lang='lat' dir='ltr'>mollibus</span> <span class='ocrx_word' id='word_1_62' title='bbox 2022 1199 2181 1242; x_wconf 89' lang='lat' dir='ltr'>con-</span> 
     </span>
    </p>

    <p class='ocr_par' dir='ltr' id='par_1_4' title="bbox 315 1281 2183 1781">
     <span class='ocr_line' id='line_1_11' title="bbox 315 1281 2183 1368; baseline -0.003 -18"><span class='ocrx_word' id='word_1_63' title='bbox 315 1285 541 1352; x_wconf 81' lang='lat' dir='ltr'>5sultis</span> <span class='ocrx_word' id='word_1_64' title='bbox 587 1288 940 1368; x_wconf 88' lang='lat' dir='ltr'>peccatum.</span> <span class='ocrx_word' id='word_1_65' title='bbox 1001 1281 1109 1345; x_wconf 86' lang='lat' dir='ltr'>vel</span> <span class='ocrx_word' id='word_1_66' title='bbox 1153 1281 1207 1344; x_wconf 91' lang='lat' dir='ltr'>si</span> <span class='ocrx_word' id='word_1_67' title='bbox 1237 1281 1382 1344; x_wconf 86' lang='lat' dir='ltr'>vilis</span> <span class='ocrx_word' id='word_1_68' title='bbox 1425 1281 1550 1364; x_wconf 91' lang='lat' dir='ltr'>ipsi</span> <span class='ocrx_word' id='word_1_69' title='bbox 1581 1282 1771 1362; x_wconf 87' lang='lat' dir='ltr'>salus,</span> <span class='ocrx_word' id='word_1_70' title='bbox 1818 1301 1930 1345; x_wconf 91' lang='lat' dir='ltr'>cur</span> <span class='ocrx_word' id='word_1_71' title='bbox 1973 1281 2183 1345; x_wconf 88' lang='lat' dir='ltr'>filium</span> 
     </span>
     <span class='ocr_line' id='line_1_12' title="bbox 357 1369 2183 1472; baseline -0.001 -21"><span class='ocrx_word' id='word_1_72' title='bbox 357 1387 713 1472; x_wconf 85' lang='lat' dir='ltr'>parvulum,</span> <span class='ocrx_word' id='word_1_73' title='bbox 761 1407 871 1449; x_wconf 87' lang='lat' dir='ltr'>cur</span> <span class='ocrx_word' id='word_1_74' title='bbox 918 1369 1259 1468; x_wconf 78' lang='lat' dir='ltr'>coniugem</span> <span class='ocrx_word' id='word_1_75' title='bbox 1305 1385 1474 1448; x_wconf 91' lang='lat' dir='ltr'>inter</span> <span class='ocrx_word' id='word_1_76' title='bbox 1517 1385 1803 1449; x_wconf 86' lang='lat' dir='ltr'>furentes</span> <span class='ocrx_word' id='word_1_77' title='bbox 1856 1391 1922 1450; x_wconf 93' lang='lat' dir='ltr'>et</span> <span class='ocrx_word' id='word_1_78' title='bbox 1968 1387 2183 1449; x_wconf 89' lang='lat' dir='ltr'>omnis</span> 
     </span>
     <span class='ocr_line' id='line_1_13' title="bbox 357 1488 2179 1557; baseline -0.002 -1"><span class='ocrx_word' id='word_1_79' title='bbox 357 1492 620 1557; x_wconf 90' lang='lat' dir='ltr'>humani</span> <span class='ocrx_word' id='word_1_80' title='bbox 664 1491 818 1554; x_wconf 89' lang='lat' dir='ltr'>iuris</span> <span class='ocrx_word' id='word_1_81' title='bbox 849 1490 1196 1555; x_wconf 86' lang='lat' dir='ltr'>violatores</span> <span class='ocrx_word' id='word_1_82' title='bbox 1241 1488 1552 1553; x_wconf 77' lang='lat' dir='ltr'>haberet?</span> <span class='ocrx_word' id='word_1_83' title='bbox 1597 1489 1745 1553; x_wconf 90' lang='lat' dir='ltr'>illos</span> <span class='ocrx_word' id='word_1_84' title='bbox 1776 1489 2005 1554; x_wconf 89' lang='lat' dir='ltr'>saltem</span> <span class='ocrx_word' id='word_1_85' title='bbox 2051 1512 2179 1554; x_wconf 88' lang='lat' dir='ltr'>avo</span> 
     </span>
     <span class='ocr_line' id='line_1_14' title="bbox 359 1592 2183 1680; baseline -0.002 -20"><span class='ocrx_word' id='word_1_86' title='bbox 359 1597 579 1660; x_wconf 79' lang='lat' dir='ltr'>et·&#39;rei</span> <span class='ocrx_word' id='word_1_87' title='bbox 640 1595 932 1680; x_wconf 89' lang='lat' dir='ltr'>publicae</span> <span class='ocrx_word' id='word_1_88' title='bbox 991 1592 1317 1657; x_wconf 89' lang='lat' dir='ltr'>redderet.</span> <span class='ocrx_word' id='word_1_89' title='bbox 1408 1593 1518 1656; x_wconf 92' lang='lat' dir='ltr'>diu</span> <span class='ocrx_word' id='word_1_90' title='bbox 1575 1600 1903 1657; x_wconf 89' lang='lat' dir='ltr'>cunctatus</span> <span class='ocrx_word' id='word_1_91' title='bbox 1961 1615 2183 1679; x_wconf 89' lang='lat' dir='ltr'>asper-</span> 
     </span>
     <span class='ocr_line' id='line_1_15' title="bbox 356 1697 2181 1781; baseline -0.002 -17"><span class='ocrx_word' id='word_1_92' title='bbox 356 1706 617 1764; x_wconf 91' lang='lat' dir='ltr'>nantem</span> <span class='ocrx_word' id='word_1_93' title='bbox 679 1721 985 1781; x_wconf 85' lang='lat' dir='ltr'>uxorem,</span> <span class='ocrx_word' id='word_1_94' title='bbox 1051 1719 1195 1762; x_wconf 89' lang='lat' dir='ltr'>cum</span> <span class='ocrx_word' id='word_1_95' title='bbox 1260 1718 1329 1761; x_wconf 90' lang='lat' dir='ltr'>se</span> <span class='ocrx_word' id='word_1_96' title='bbox 1395 1697 1543 1760; x_wconf 70' lang='lat' dir='ltr'>divo</span> <span class='ocrx_word' id='word_1_97' title='bbox 1605 1697 1903 1781; x_wconf 88' lang='lat' dir='ltr'>Augusto</span> <span class='ocrx_word' id='word_1_98' title='bbox 1971 1705 2181 1762; x_wconf 87' lang='lat' dir='ltr'>ortam</span> 
     </span>
    </p>

    <p class='ocr_par' dir='ltr' id='par_1_5' title="bbox 289 1801 2185 2309">
     <span class='ocr_line' id='line_1_16' title="bbox 289 1801 2178 1888; baseline -0.003 -18"><span class='ocrx_word' id='word_1_99' title='bbox 289 1831 338 1872; x_wconf 94' lang='lat'>10</span> <span class='ocrx_word' id='word_1_100' title='bbox 356 1826 565 1888; x_wconf 91' lang='lat' dir='ltr'>neque</span> <span class='ocrx_word' id='word_1_101' title='bbox 599 1803 986 1886; x_wconf 88' lang='lat' dir='ltr'>degenerem</span> <span class='ocrx_word' id='word_1_102' title='bbox 1019 1801 1102 1868; x_wconf 89' lang='lat' dir='ltr'>ad</span> <span class='ocrx_word' id='word_1_103' title='bbox 1131 1801 1415 1886; x_wconf 89' lang='lat' dir='ltr'>pericula</span> <span class='ocrx_word' id='word_1_104' title='bbox 1446 1807 1809 1882; x_wconf 89' lang='lat' dir='ltr'>testaretur,</span> <span class='ocrx_word' id='word_1_105' title='bbox 1841 1807 2178 1886; x_wconf 89' lang='lat' dir='ltr'>postremo</span> 
     </span>
     <span class='ocr_line' id='line_1_17' title="bbox 353 1906 2179 1994; baseline -0.001 -23"><span class='ocrx_word' id='word_1_106' title='bbox 353 1909 556 1994; x_wconf 87' lang='lat' dir='ltr'>ipsam</span> <span class='ocrx_word' id='word_1_107' title='bbox 587 1913 653 1972; x_wconf 89' lang='lat' dir='ltr'>et</span> <span class='ocrx_word' id='word_1_108' title='bbox 684 1928 1091 1972; x_wconf 85' lang='lat' dir='ltr'>communem</span> <span class='ocrx_word' id='word_1_109' title='bbox 1135 1906 1337 1970; x_wconf 90' lang='lat' dir='ltr'>filium</span> <span class='ocrx_word' id='word_1_110' title='bbox 1383 1906 1584 1971; x_wconf 91' lang='lat' dir='ltr'>multo</span> <span class='ocrx_word' id='word_1_111' title='bbox 1620 1927 1763 1970; x_wconf 91' lang='lat' dir='ltr'>cum</span> <span class='ocrx_word' id='word_1_112' title='bbox 1810 1907 1965 1972; x_wconf 91' lang='lat' dir='ltr'>fletu</span> <span class='ocrx_word' id='word_1_113' title='bbox 2000 1927 2179 1972; x_wconf 89' lang='lat' dir='ltr'>com-</span> 
     </span>
     <span class='ocr_line' id='line_1_18' title="bbox 352 2011 2185 2099; baseline -0.002 -22"><span class='ocrx_word' id='word_1_114' title='bbox 352 2016 583 2099; x_wconf 86' lang='lat' dir='ltr'>plexus</span> <span class='ocrx_word' id='word_1_115' title='bbox 628 2020 700 2077; x_wconf 91' lang='lat' dir='ltr'>ut</span> <span class='ocrx_word' id='word_1_116' title='bbox 745 2012 951 2076; x_wconf 87' lang='lat' dir='ltr'>abiret</span> <span class='ocrx_word' id='word_1_117' title='bbox 993 2012 1291 2097; x_wconf 90' lang='lat' dir='ltr'>perpulit.</span> <span class='ocrx_word' id='word_1_118' title='bbox 1366 2011 1711 2076; x_wconf 82' lang='lat' dir='ltr'>incedebat</span> <span class='ocrx_word' id='word_1_119' title='bbox 1754 2011 2067 2075; x_wconf 89' lang='lat' dir='ltr'>muliebre</span> <span class='ocrx_word' id='word_1_120' title='bbox 2112 2017 2185 2073; x_wconf 91' lang='lat' dir='ltr'>et</span> 
     </span>
     <span class='ocr_line' id='line_1_19' title="bbox 357 2115 2182 2201; baseline -0.002 -18"><span class='ocrx_word' id='word_1_121' title='bbox 357 2119 714 2183; x_wconf 85' lang='lat' dir='ltr'>miserabile</span> <span class='ocrx_word' id='word_1_122' title='bbox 762 2137 1029 2200; x_wconf 88' lang='lat' dir='ltr'>agmen,</span> <span class='ocrx_word' id='word_1_123' title='bbox 1076 2116 1351 2201; x_wconf 86' lang='lat' dir='ltr'>profuga</span> <span class='ocrx_word' id='word_1_124' title='bbox 1398 2115 1601 2198; x_wconf 87' lang='lat' dir='ltr'>ducis,</span> <span class='ocrx_word' id='word_1_125' title='bbox 1649 2116 1987 2199; x_wconf 86' lang='lat' dir='ltr'>parvulum</span> <span class='ocrx_word' id='word_1_126' title='bbox 2032 2115 2182 2179; x_wconf 90' lang='lat' dir='ltr'>sinu</span> 
     </span>
     <span class='ocr_line' id='line_1_20' title="bbox 354 2219 2177 2309; baseline -0.004 -21"><span class='ocrx_word' id='word_1_127' title='bbox 354 2245 622 2309; x_wconf 85' lang='lat' dir='ltr'>gerens,</span> <span class='ocrx_word' id='word_1_128' title='bbox 680 2223 1104 2285; x_wconf 87' lang='lat' dir='ltr'>lamentantes</span> <span class='ocrx_word' id='word_1_129' title='bbox 1151 2220 1388 2283; x_wconf 90' lang='lat' dir='ltr'>circum</span> <span class='ocrx_word' id='word_1_130' title='bbox 1448 2219 1797 2282; x_wconf 89' lang='lat' dir='ltr'>amicorum</span> <span class='ocrx_word' id='word_1_131' title='bbox 1846 2219 2177 2301; x_wconf 81' lang='lat' dir='ltr'>coniugeS,</span> 
     </span>
    </p>

    <p class='ocr_par' dir='ltr' id='par_1_6' title="bbox 287 2322 2181 2495">
     <span class='ocr_line' id='line_1_21' title="bbox 287 2322 2181 2411; baseline -0.003 -20"><span class='ocrx_word' id='word_1_132' title='bbox 287 2364 335 2399; x_wconf 78' lang='lat'>15</span> <span class='ocrx_word' id='word_1_133' title='bbox 355 2349 517 2411; x_wconf 89' lang='lat' dir='ltr'>quae</span> <span class='ocrx_word' id='word_1_134' title='bbox 581 2326 767 2390; x_wconf 91' lang='lat' dir='ltr'>simul</span> <span class='ocrx_word' id='word_1_135' title='bbox 825 2324 1277 2404; x_wconf 88' lang='lat' dir='ltr'>trahebantur,</span> <span class='ocrx_word' id='word_1_136' title='bbox 1340 2343 1461 2386; x_wconf 89' lang='lat' dir='ltr'>nec</span> <span class='ocrx_word' id='word_1_137' title='bbox 1522 2322 1730 2386; x_wconf 91' lang='lat' dir='ltr'>minus</span> <span class='ocrx_word' id='word_1_138' title='bbox 1790 2323 2006 2387; x_wconf 89' lang='lat' dir='ltr'>tristes</span> <span class='ocrx_word' id='word_1_139' title='bbox 2065 2324 2181 2407; x_wconf 87' lang='lat' dir='ltr'>qui</span> 
     </span>
     <span class='ocr_line' id='line_1_22' title="bbox 355 2431 719 2495; baseline -0.005 0"><span class='ocrx_word' id='word_1_140' title='bbox 355 2431 719 2495; x_wconf 87' lang='lat' dir='ltr'>manebant.</span> 
     </span>
    </p>

    <p class='ocr_par' dir='ltr' id='par_1_7' title="bbox 353 2531 2180 2933">
     <span class='ocr_line' id='line_1_23' title="bbox 485 2531 2180 2616; baseline -0.001 -19"><span class='ocrx_word' id='word_1_141' title='bbox 485 2536 588 2598; x_wconf 87' lang='grc'>41.</span> <span class='ocrx_word' id='word_1_142' title='bbox 654 2533 805 2598; x_wconf 89' lang='lat' dir='ltr'>Non</span> <span class='ocrx_word' id='word_1_143' title='bbox 877 2533 1163 2597; x_wconf 89' lang='lat' dir='ltr'>florentis</span> <span class='ocrx_word' id='word_1_144' title='bbox 1243 2531 1537 2596; x_wconf 82' lang='lat' dir='ltr'>Caesaris</span> <span class='ocrx_word' id='word_1_145' title='bbox 1618 2552 1831 2616; x_wconf 90' lang='lat' dir='ltr'>neque</span> <span class='ocrx_word' id='word_1_146' title='bbox 1907 2534 2036 2597; x_wconf 90' lang='lat' dir='ltr'>suis</span> <span class='ocrx_word' id='word_1_147' title='bbox 2108 2533 2180 2596; x_wconf 88' lang='lat' dir='ltr'>in</span> 
     </span>
     <span class='ocr_line' id='line_1_24' title="bbox 356 2636 2180 2723; baseline -0.002 -19"><span class='ocrx_word' id='word_1_148' title='bbox 356 2640 599 2723; x_wconf 89' lang='lat' dir='ltr'>castris,</span> <span class='ocrx_word' id='word_1_149' title='bbox 646 2647 744 2703; x_wconf 91' lang='lat' dir='ltr'>set</span> <span class='ocrx_word' id='word_1_150' title='bbox 789 2638 968 2704; x_wconf 85' lang='lat' dir='ltr'>velut</span> <span class='ocrx_word' id='word_1_151' title='bbox 1010 2639 1077 2702; x_wconf 91' lang='lat' dir='ltr'>in</span> <span class='ocrx_word' id='word_1_152' title='bbox 1122 2637 1281 2701; x_wconf 93' lang='lat' dir='ltr'>urbe</span> <span class='ocrx_word' id='word_1_153' title='bbox 1314 2638 1483 2701; x_wconf 85' lang='lat' dir='ltr'>victa</span> <span class='ocrx_word' id='word_1_154' title='bbox 1528 2636 1726 2700; x_wconf 88' lang='lat' dir='ltr'>facies</span> <span class='ocrx_word' id='word_1_155' title='bbox 1768 2637 2180 2721; x_wconf 89' lang='lat' dir='ltr'>gemitusque</span> 
     </span>
     <span class='ocr_line' id='line_1_25' title="bbox 353 2724 2180 2829; baseline -0.002 -21"><span class='ocrx_word' id='word_1_156' title='bbox 353 2766 427 2809; x_wconf 87' lang='lat' dir='ltr'>ac</span> <span class='ocrx_word' id='word_1_157' title='bbox 458 2745 749 2829; x_wconf 87' lang='lat' dir='ltr'>planctus</span> <span class='ocrx_word' id='word_1_158' title='bbox 788 2743 981 2807; x_wconf 88' lang='lat' dir='ltr'>etiam</span> <span class='ocrx_word' id='word_1_159' title='bbox 1015 2742 1287 2805; x_wconf 86' lang='lat' dir='ltr'>militum</span> <span class='ocrx_word' id='word_1_160' title='bbox 1322 2762 1509 2806; x_wconf 89' lang='lat' dir='ltr'>aures</span> <span class='ocrx_word' id='word_1_161' title='bbox 1545 2724 1783 2824; x_wconf 87' lang='lat' dir='ltr'>oraque</span> <span class='ocrx_word' id='word_1_162' title='bbox 1814 2740 2180 2805; x_wconf 86' lang='lat' dir='ltr'>advertere.</span> 
     </span>
     <span class='ocr_line' id='line_1_26' title="bbox 355 2844 2179 2933; baseline -0.002 -21"><span class='ocrx_word' id='word_1_163' title='bbox 355 2848 492 2933; x_wconf 88' lang='lat' dir='ltr'>quis</span> <span class='ocrx_word' id='word_1_164' title='bbox 536 2849 647 2912; x_wconf 91' lang='lat' dir='ltr'>ille</span> <span class='ocrx_word' id='word_1_165' title='bbox 691 2845 921 2911; x_wconf 90' lang='lat' dir='ltr'>flebilis</span> <span class='ocrx_word' id='word_1_166' title='bbox 967 2846 1208 2910; x_wconf 79' lang='lat' dir='ltr'>sonus?</span> <span class='ocrx_word' id='word_1_167' title='bbox 1257 2844 1410 2929; x_wconf 88' lang='lat' dir='ltr'>quid</span> <span class='ocrx_word' id='word_1_168' title='bbox 1456 2853 1587 2909; x_wconf 89' lang='lat' dir='ltr'>tam</span> <span class='ocrx_word' id='word_1_169' title='bbox 1631 2845 1859 2908; x_wconf 73' lang='lat' dir='ltr'>triste?</span> <span class='ocrx_word' id='word_1_170' title='bbox 1906 2845 2179 2909; x_wconf 87' lang='lat' dir='ltr'>feminas</span> 
     </span>
    </p>

    <p class='ocr_par' dir='ltr' id='par_1_8' title="bbox 310 2947 2179 3450">
     <span class='ocr_line' id='line_1_27' title="bbox 310 2947 2179 3043; baseline -0.004 -25"><span class='ocrx_word' id='word_1_171' title='bbox 310 2954 648 3043; x_wconf 78' lang='lat' dir='ltr'>5inlustres</span> <span class='ocrx_word' id='word_1_172' title='bbox 689 2949 846 3032; x_wconf 89' lang='lat' dir='ltr'>(non</span> <span class='ocrx_word' id='word_1_173' title='bbox 882 2948 1321 3015; x_wconf 84' lang='lat' dir='ltr'>centurionem</span> <span class='ocrx_word' id='word_1_174' title='bbox 1366 2948 1451 3011; x_wconf 89' lang='lat' dir='ltr'>ad</span> <span class='ocrx_word' id='word_1_175' title='bbox 1494 2947 1781 3031; x_wconf 85' lang='lat' dir='ltr'>tutelam,</span> <span class='ocrx_word' id='word_1_176' title='bbox 1827 2970 1960 3013; x_wconf 92' lang='lat' dir='ltr'>non</span> <span class='ocrx_word' id='word_1_177' title='bbox 2006 2949 2179 3012; x_wconf 91' lang='lat' dir='ltr'>mili-</span> 
     </span>
     <span class='ocr_line' id='line_1_28' title="bbox 350 3053 2175 3139; baseline -0.004 -16"><span class='ocrx_word' id='word_1_178' title='bbox 350 3065 500 3139; x_wconf 90' lang='lat' dir='ltr'>tem,</span> <span class='ocrx_word' id='word_1_179' title='bbox 537 3057 692 3120; x_wconf 81' lang='lat' dir='ltr'>nihil</span> <span class='ocrx_word' id='word_1_180' title='bbox 725 3054 1175 3139; x_wconf 88' lang='lat' dir='ltr'>imperatoriae</span> <span class='ocrx_word' id='word_1_181' title='bbox 1205 3054 1427 3117; x_wconf 85' lang='lat' dir='ltr'>uxoris</span> <span class='ocrx_word' id='word_1_182' title='bbox 1460 3059 1570 3117; x_wconf 90' lang='lat' dir='ltr'>aut</span> <span class='ocrx_word' id='word_1_183' title='bbox 1605 3053 1940 3118; x_wconf 89' lang='lat' dir='ltr'>comitatus</span> <span class='ocrx_word' id='word_1_184' title='bbox 1970 3054 2175 3134; x_wconf 88' lang='lat' dir='ltr'>soliti)</span> 
     </span>
     <span class='ocr_line' id='line_1_29' title="bbox 350 3152 2177 3246; baseline -0.003 -20"><span class='ocrx_word' id='word_1_185' title='bbox 350 3152 624 3246; x_wconf 83' lang='lat' dir='ltr'>pergere</span> <span class='ocrx_word' id='word_1_186' title='bbox 670 3158 754 3222; x_wconf 91' lang='lat' dir='ltr'>ad</span> <span class='ocrx_word' id='word_1_187' title='bbox 783 3158 1122 3223; x_wconf 82' lang='lat' dir='ltr'>Treveros.</span> <span class='ocrx_word' id='word_1_188' title='bbox 1214 3162 1523 3221; x_wconf 84' lang='lat' dir='ltr'>externae</span> <span class='ocrx_word' id='word_1_189' title='bbox 1567 3155 1719 3220; x_wconf 86' lang='lat' dir='ltr'>fidei</span> <span class='ocrx_word' id='word_1_190' title='bbox 1765 3155 1976 3240; x_wconf 90' lang='lat' dir='ltr'>pudor</span> <span class='ocrx_word' id='word_1_191' title='bbox 2019 3154 2177 3220; x_wconf 90' lang='lat' dir='ltr'>inde</span> 
     </span>
     <span class='ocr_line' id='line_1_30' title="bbox 352 3260 2175 3349; baseline -0.003 -19"><span class='ocrx_word' id='word_1_192' title='bbox 352 3273 417 3330; x_wconf 89' lang='lat' dir='ltr'>et</span> <span class='ocrx_word' id='word_1_193' title='bbox 459 3265 780 3330; x_wconf 82' lang='lat' dir='ltr'>miseratio</span> <span class='ocrx_word' id='word_1_194' title='bbox 831 3271 896 3329; x_wconf 87' lang='lat' dir='ltr'>et</span> <span class='ocrx_word' id='word_1_195' title='bbox 939 3263 1138 3349; x_wconf 87' lang='lat' dir='ltr'>patris</span> <span class='ocrx_word' id='word_1_196' title='bbox 1164 3260 1517 3346; x_wconf 86' lang='lat' dir='ltr'>Agrippae,</span> <span class='ocrx_word' id='word_1_197' title='bbox 1561 3260 1844 3345; x_wconf 89' lang='lat' dir='ltr'>Augusti</span> <span class='ocrx_word' id='word_1_198' title='bbox 1887 3262 1990 3325; x_wconf 86' lang='lat' dir='ltr'>avi</span> <span class='ocrx_word' id='word_1_199' title='bbox 2036 3282 2175 3325; x_wconf 90' lang='lat' dir='ltr'>me-</span> 
     </span>
     <span class='ocr_line' id='line_1_31' title="bbox 349 3364 2177 3450; baseline -0.002 -19"><span class='ocrx_word' id='word_1_200' title='bbox 349 3369 582 3450; x_wconf 80' lang='lat' dir='ltr'>moria3</span> <span class='ocrx_word' id='word_1_201' title='bbox 617 3390 800 3435; x_wconf 83' lang='lat' dir='ltr'>socer</span> <span class='ocrx_word' id='word_1_202' title='bbox 819 3368 1103 3448; x_wconf 82' lang='lat' dir='ltr'>Drusus3</span> <span class='ocrx_word' id='word_1_203' title='bbox 1132 3367 1275 3450; x_wconf 89' lang='lat' dir='ltr'>ipsa</span> <span class='ocrx_word' id='word_1_204' title='bbox 1305 3366 1633 3449; x_wconf 88' lang='lat' dir='ltr'>praeclara</span> <span class='ocrx_word' id='word_1_205' title='bbox 1661 3364 2004 3449; x_wconf 81' lang='lat' dir='ltr'>pudicitia3</span> <span class='ocrx_word' id='word_1_206' title='bbox 2043 3365 2177 3427; x_wconf 90' lang='lat' dir='ltr'>iam</span> 
     </span>
    </p>
   </div>
  </div>
 </body>
</html>
