2467 3900
352 253 466 308 244
1013 255 1291 296 com-mnu
1317 257 1514 296 norm

481 416 586 479 38.
653 414 832 489 Quae
893 415 1140 486 duabus
1199 415 1554 480 aestatibus
1612 421 1796 500 gesta
1842 418 2187 502 coniunxi,

353 540 478 604 quo
516 519 954 603 requiesceret
999 518 1249 582 animus
1293 541 1334 583 a
1370 519 1741 585 domesticis
1780 521 1996 602 malis3
2044 543 2191 586 non

353 624 525 688 enim
559 622 909 704 Tiberium,
957 644 1342 708 quamquam
1386 625 1664 691 triennio
1711 633 1857 710 post
1905 627 2188 692 caedem

353 727 589 808 Seiani,
637 743 801 812 quae
851 733 1102 792 ceteros
1147 729 1403 794 mollire
1452 733 1681 814 solent,
1727 736 1986 816 tempus
2021 751 2183 815 pre·

311 852 335 889 5
355 853 462 896 ces
507 830 700 894 satias
738 831 1138 915 mitigabant,
1185 833 1339 917 quin
1369 834 1616 900 incerta
1646 836 1753 902 vel
1784 835 2028 900 abolita
2055 857 2187 920 pro

352 934 742 1019 gravissimis
786 941 851 1001 et
895 937 1262 1002 recentibus
1308 940 1587 1024 puniret.
1670 961 1750 1005 eo
1795 945 1975 1004 metu
2020 939 2188 1004 Ful-

354 1039 556 1103 cinius
585 1038 738 1103 Trio
777 1039 1136 1124 ingruentis
1182 1049 1591 1109 accusatores
1634 1045 1793 1109 haut
1827 1064 2189 1128 perpessus

351 1146 666 1230 supremis
727 1146 963 1210 tabulis
1020 1148 1224 1212 multa
1284 1153 1351 1213 et
1394 1150 1639 1213 atrocia
1685 1149 1749 1213 in
1794 1149 2177 1213 Macronem

352 1271 428 1315 ac
471 1251 852 1335 praecipuos
897 1251 1280 1316 libertorum
1327 1252 1622 1318 Caesaris
1670 1252 2010 1337 conposuit
2053 1251 2186 1335 ipsi

283 1371 335 1410 1⁰
351 1355 591 1418 fluxam
634 1354 814 1419 senio
861 1361 1259 1421 mentem·et
1304 1357 1605 1420 continuo
1652 1357 1955 1421 abscessu
1999 1355 2189 1420 velut

359 1459 627 1522 exilium
676 1456 1082 1523 obiectando.
1152 1479 1316 1542 quae
1362 1461 1439 1524 ab
1477 1460 1827 1525 heredibus
1864 1460 2189 1526 occultata

352 1562 610 1627 recitari
627 1560 921 1626 Tiberius
944 1561 1127 1624 iussit
1156 1562 1471 1646 patientia
1497 1563 1811 1628 libertatis
1838 1563 2085 1627 alienae
2112 1566 2189 1626 et

355 1671 761 1749 contemptor
803 1685 956 1729 suae
988 1665 1307 1750 infamiae,
1357 1689 1436 1731 an
1470 1669 1787 1733 scelerum
1818 1667 2034 1732 Seiani
2066 1665 2185 1730 diu

355 1768 606 1833 nescius
650 1787 806 1832 mox
851 1788 1110 1852 quoquo
1157 1769 1356 1834 modo
1405 1770 1577 1835 dicta
1614 1771 1866 1856 vulgari
1898 1770 2187 1834 malebat

286 1901 336 1940 15
353 1872 790 1957 veritatisque,
825 1872 926 1936 cui
955 1871 1242 1937 adulatio
1278 1873 1492 1958 officit,
1530 1895 1648 1959 per
1677 1875 1914 1961 probra
1946 1876 2180 1938 saltem

353 1999 589 2063 gnarus
613 1978 772 2045 fieri.
815 1977 1023 2042 isdem
1057 1978 1283 2043 diebus
1306 1978 1583 2043 Granius
1600 1980 1963 2045 Marcianus
1990 2000 2181 2044 sena-

355 2091 457 2148 tor
499 2105 538 2147 a
574 2082 647 2147 O.
683 2076 976 2148 Graccho
1024 2082 1376 2147 maiestatis
1420 2084 1781 2168 postulatus
1826 2085 1958 2149 vim
2002 2084 2179 2149 vitae

355 2209 507 2252 suae
555 2186 768 2252 attulit
797 2185 1149 2270 Tariusque
1183 2187 1531 2252 Gratianus
1576 2193 1880 2273 praetura
1923 2188 2183 2273 functus

354 2294 502 2375 lege
551 2289 780 2356 eadem
841 2295 1203 2354 extremum
1260 2291 1346 2355 ad
1388 2292 1775 2375 supplicium
1820 2292 2180 2356 damnatus.

488 2396 590 2459 39.
651 2393 792 2458 Nec
851 2392 1140 2477 dispares
1185 2393 1581 2459 Trebellieni
1638 2394 1789 2460 Rufi
1846 2401 1913 2459 et
1966 2394 2179 2459 Sextii

353 2498 705 2564 Paconiani
771 2498 1016 2561 exitus:
1089 2520 1241 2562 nam
1301 2499 1747 2564 Trebellienus
1809 2520 1924 2564 sua
1983 2519 2183 2563 manu

358 2602 607 2687 cecidit,
652 2602 1059 2666 Paconianus
1103 2604 1172 2667 in
1218 2625 1475 2668 carcere
1519 2605 1602 2669 ob
1635 2604 1918 2668 carmina
1946 2602 2077 2667 illic
2108 2602 2181 2666 in

356 2708 718 2792 principem
777 2705 1063 2771 factitata
1124 2708 1557 2789 strangulatus
1626 2711 1743 2770 est.
1844 2706 2004 2770 haec
2065 2704 2178 2769 Ti-

315 2812 572 2877 ⁵berius
615 2833 746 2877 non
791 2813 971 2895 mari,
1017 2817 1090 2875 ut
1123 2813 1295 2893 olim,
1344 2812 1585 2877 divisus
1628 2831 1841 2894 neque
1887 2831 2003 2894 per
2031 2809 2201 2871 lon-.

359 2918 634 3002 ginquos
678 2916 936 2981 nuntios
983 2916 1341 3000 accipiebat
1388 2916 1502 2981 sed
1548 2914 1776 2979 urbem
1819 2914 2017 2995 iuxta,
2063 2932 2179 2976 eo-

361 3022 509 3087 dem
556 3027 628 3085 ut
673 3020 776 3084 die
822 3019 929 3086 vel
973 3020 1179 3084 noctis
1209 3020 1551 3083 interiectu
1580 3018 1813 3082 litteris
1846 3016 2181 3082 consulum

360 3126 764 3207 rescriberet,
813 3124 994 3208 quasi
1025 3124 1345 3208 aspiciens
1388 3123 1743 3188 undantem
1788 3143 1905 3207 per
1950 3120 2185 3185 domos

363 3228 740 3313 sanguinem
785 3232 896 3292 aut
938 3247 1165 3291 manus
1211 3228 1599 3292 carnificum.
1666 3226 1794 3289 fine
1826 3225 1973 3290 anni
2002 3224 2180 3308 Pop-

293 3360 344 3399 10
362 3354 564 3417 paeus
611 3331 880 3398 Sabinus
939 3331 1257 3396 concessit
1312 3332 1477 3415 vita,
1540 3330 1833 3395 modicus
1894 3327 2185 3413 originis,

365 3434 719 3518 principum
767 3434 1048 3498 amicitia
1078 3434 1479 3499 consulatum
1526 3456 1602 3499 ac
1645 3432 2031 3517 triumphale
2062 3431 2183 3495 de-
