<?xml version="1.0" encoding="UTF-8"?>
<!DOCTYPE html PUBLIC "-//W3C//DTD XHTML 1.0 Transitional//EN"
    "http://www.w3.org/TR/xhtml1/DTD/xhtml1-transitional.dtd">
<html xmlns="http://www.w3.org/1999/xhtml" xml:lang="en" lang="en">
 <head>
  <title>
</title>
<meta http-equiv="Content-Type" content="text/html;charset=utf-8" />
  <meta name='ocr-system' content='tesseract 3.04.00' />
  <meta name='ocr-capabilities' content='ocr_page ocr_carea ocr_par ocr_line ocrx_word'/>
</head>
<body>
  <div class='ocr_page' id='page_1' title='image "./corneliitacitia00gitlgoog_0107.png"; bbox 0 0 2467 3900; ppageno 0'>
   <div class='ocr_carea' id='block_1_1' title="bbox 676 211 2118 270">
    <p class='ocr_par' dir='ltr' id='par_1_1' title="bbox 676 211 2118 270">
     <span class='ocr_line' id='line_1_1' title="bbox 676 211 2118 270; baseline 0.001 -14"><span class='ocrx_word' id='word_1_1' title='bbox 676 215 753 256; x_wconf 77' lang='lat' dir='ltr'><strong>AB</strong></span> <span class='ocrx_word' id='word_1_2' title='bbox 780 214 1033 256; x_wconf 72' lang='lat' dir='ltr'><strong>Exonssn</strong></span> <span class='ocrx_word' id='word_1_3' title='bbox 1058 215 1189 256; x_wconf 77' lang='lat' dir='ltr'><strong>mvr</strong></span> <span class='ocrx_word' id='word_1_4' title='bbox 1216 215 1472 256; x_wconf 67' lang='lat' dir='ltr'><strong>Aneos&#39;rr</strong></span> <span class='ocrx_word' id='word_1_5' title='bbox 1497 217 1544 256; x_wconf 92' lang='lat'><strong>11</strong></span> <span class='ocrx_word' id='word_1_6' title='bbox 1571 217 1738 257; x_wconf 80' lang='lat'><strong>56—59.</strong></span> <span class='ocrx_word' id='word_1_7' title='bbox 2043 211 2118 270; x_wconf 82' lang='lat'><strong>95</strong></span> 
     </span>
    </p>
   </div>
   <div class='ocr_carea' id='block_1_2' title="bbox 254 374 2231 3484">
    <p class='ocr_par' dir='ltr' id='par_1_2' title="bbox 284 374 2189 755">
     <span class='ocr_line' id='line_1_2' title="bbox 288 374 2189 461; baseline 0 -21"><span class='ocrx_word' id='word_1_8' title='bbox 288 382 417 456; x_wconf 85' lang='lat' dir='ltr'><strong>tur,</strong></span> <span class='ocrx_word' id='word_1_9' title='bbox 464 375 771 461; x_wconf 89' lang='lat' dir='ltr'><strong>principis</strong></span> <span class='ocrx_word' id='word_1_10' title='bbox 816 374 1118 460; x_wconf 86' lang='lat' dir='ltr'><strong>Romani,</strong></span> <span class='ocrx_word' id='word_1_11' title='bbox 1165 397 1300 441; x_wconf 90' lang='lat' dir='ltr'><strong>non</strong></span> <span class='ocrx_word' id='word_1_12' title='bbox 1342 375 1568 440; x_wconf 78' lang='lat' dir='ltr'><strong>Parthi</strong></span> <span class='ocrx_word' id='word_1_13' title='bbox 1610 377 1784 460; x_wconf 85' lang='lat' dir='ltr'><strong>regis</strong></span> <span class='ocrx_word' id='word_1_14' title='bbox 1827 376 1958 440; x_wconf 89' lang='lat' dir='ltr'><strong>filio</strong></span> <span class='ocrx_word' id='word_1_15' title='bbox 2010 398 2120 442; x_wconf 89' lang='lat' dir='ltr'><strong>eas</strong></span> <span class='ocrx_word' id='word_1_16' title='bbox 2138 401 2189 440; x_wconf 83' lang='lat'><strong>20</strong></span> 
     </span>
     <span class='ocr_line' id='line_1_3' title="bbox 286 479 2121 566; baseline 0 -20"><span class='ocrx_word' id='word_1_17' title='bbox 286 480 513 566; x_wconf 88' lang='lat' dir='ltr'><strong>epulas</strong></span> <span class='ocrx_word' id='word_1_18' title='bbox 572 480 743 544; x_wconf 87' lang='lat' dir='ltr'><strong>dari:</strong></span> <span class='ocrx_word' id='word_1_19' title='bbox 809 480 1173 566; x_wconf 86' lang='lat' dir='ltr'><strong>abiecitque</strong></span> <span class='ocrx_word' id='word_1_20' title='bbox 1220 479 1409 544; x_wconf 88' lang='lat' dir='ltr'><strong>simul</strong></span> <span class='ocrx_word' id='word_1_21' title='bbox 1457 500 1764 545; x_wconf 88' lang='lat' dir='ltr'><strong>coronam</strong></span> <span class='ocrx_word' id='word_1_22' title='bbox 1809 485 1874 544; x_wconf 89' lang='lat' dir='ltr'><strong>et</strong></span> <span class='ocrx_word' id='word_1_23' title='bbox 1918 481 2121 546; x_wconf 89' lang='lat' dir='ltr'><strong>multa</strong></span> 
     </span>
     <span class='ocr_line' id='line_1_4' title="bbox 285 583 2119 670; baseline -0.001 -21"><span class='ocrx_word' id='word_1_24' title='bbox 285 587 361 649; x_wconf 92' lang='lat' dir='ltr'><strong>in</strong></span> <span class='ocrx_word' id='word_1_25' title='bbox 418 584 646 648; x_wconf 81' lang='lat' dir='ltr'><strong>luxum</strong></span> <span class='ocrx_word' id='word_1_26' title='bbox 708 584 985 665; x_wconf 87' lang='lat' dir='ltr'><strong>addidit,</strong></span> <span class='ocrx_word' id='word_1_27' title='bbox 1056 604 1219 669; x_wconf 90' lang='lat' dir='ltr'><strong>quae</strong></span> <span class='ocrx_word' id='word_1_28' title='bbox 1286 583 1670 649; x_wconf 79' lang='lat' dir='ltr'><strong>Germanico</strong></span> <span class='ocrx_word' id='word_1_29' title='bbox 1734 605 2119 670; x_wconf 90' lang='lat' dir='ltr'><strong>quamquam</strong></span> 
     </span>
     <span class='ocr_line' id='line_1_5' title="bbox 284 689 1291 755; baseline -0.002 -1"><span class='ocrx_word' id='word_1_30' title='bbox 284 689 532 755; x_wconf 83' lang='lat' dir='ltr'><strong>acerba&#39;</strong></span> <span class='ocrx_word' id='word_1_31' title='bbox 565 689 1012 754; x_wconf 78' lang='lat' dir='ltr'>tolerabantur</span> <span class='ocrx_word' id='word_1_32' title='bbox 1053 696 1291 753; x_wconf 88' lang='lat' dir='ltr'><strong>tamen.</strong></span> 
     </span>
    </p>

    <p class='ocr_par' dir='ltr' id='par_1_3' title="bbox 282 791 2187 2217">
     <span class='ocr_line' id='line_1_6' title="bbox 418 791 2114 880; baseline 0.001 -22"><span class='ocrx_word' id='word_1_33' title='bbox 418 795 525 858; x_wconf 84' lang='lat'><strong>58.</strong></span> <span class='ocrx_word' id='word_1_34' title='bbox 585 794 767 859; x_wconf 80' lang='lat' dir='ltr'><strong>Inter</strong></span> <span class='ocrx_word' id='word_1_35' title='bbox 812 813 977 880; x_wconf 88' lang='lat' dir='ltr'><strong>quae</strong></span> <span class='ocrx_word' id='word_1_36' title='bbox 1022 794 1101 858; x_wconf 89' lang='lat' dir='ltr'><strong>ab</strong></span> <span class='ocrx_word' id='word_1_37' title='bbox 1146 813 1308 878; x_wconf 88' lang='lat' dir='ltr'><strong>rege</strong></span> <span class='ocrx_word' id='word_1_38' title='bbox 1351 793 1740 858; x_wconf 83' lang='lat' dir='ltr'><strong>Parthorum</strong></span> <span class='ocrx_word' id='word_1_39' title='bbox 1783 791 2114 859; x_wconf 86' lang='lat' dir='ltr'><strong>Artabano</strong></span> 
     </span>
     <span class='ocr_line' id='line_1_7' title="bbox 284 896 2115 983; baseline 0 -20"><span class='ocrx_word' id='word_1_40' title='bbox 284 899 490 983; x_wconf 86' lang='lat' dir='ltr'><strong>legati</strong></span> <span class='ocrx_word' id='word_1_41' title='bbox 518 919 777 964; x_wconf 85' lang='lat' dir='ltr'><strong>venere.</strong></span> <span class='ocrx_word' id='word_1_42' title='bbox 831 899 1097 964; x_wconf 78' lang='lat' dir='ltr'><strong>miserat</strong></span> <span class='ocrx_word' id='word_1_43' title='bbox 1126 899 1471 963; x_wconf 75' lang='lat' dir='ltr'><strong>amicitiam</strong></span> <span class='ocrx_word' id='word_1_44' title='bbox 1503 919 1579 962; x_wconf 89' lang='lat' dir='ltr'><strong>ac</strong></span> <span class='ocrx_word' id='word_1_45' title='bbox 1608 896 1838 962; x_wconf 85' lang='lat' dir='ltr'><strong>foedus</strong></span> <span class='ocrx_word' id='word_1_46' title='bbox 1871 912 2115 963; x_wconf 88' lang='lat' dir='ltr'><strong>memo-</strong></span> 
     </span>
     <span class='ocr_line' id='line_1_8' title="bbox 282 1000 2114 1089; baseline -0.001 -23"><span class='ocrx_word' id='word_1_47' title='bbox 282 1009 573 1084; x_wconf 73' lang='lat' dir='ltr'><strong>ramme,</strong></span> <span class='ocrx_word' id='word_1_48' title='bbox 634 1009 702 1069; x_wconf 84' lang='lat' dir='ltr'><strong>et</strong></span> <span class='ocrx_word' id='word_1_49' title='bbox 748 1023 985 1089; x_wconf 87' lang='lat' dir='ltr'><strong>cupere</strong></span> <span class='ocrx_word' id='word_1_50' title='bbox 1031 1003 1332 1068; x_wconf 85' lang='lat' dir='ltr'><strong>renovari</strong></span> <span class='ocrx_word' id='word_1_51' title='bbox 1378 1001 1642 1066; x_wconf 82' lang='lat' dir='ltr'><strong>dextras</strong></span> <span class='ocrx_word' id='word_1_52' title='bbox 1688 1000 2114 1085; x_wconf 84' lang='lat' dir='ltr'><strong>daturumque</strong></span> 
     </span>
     <span class='ocr_line' id='line_1_9' title="bbox 283 1103 2114 1191; baseline -0.003 -18"><span class='ocrx_word' id='word_1_53' title='bbox 283 1108 521 1173; x_wconf 86' lang='lat' dir='ltr'><strong>honori</strong></span> <span class='ocrx_word' id='word_1_54' title='bbox 568 1107 937 1172; x_wconf 79' lang='lat' dir='ltr'><strong>Germanici</strong></span> <span class='ocrx_word' id='word_1_55' title='bbox 990 1113 1063 1171; x_wconf 92' lang='lat' dir='ltr'><strong>ut</strong></span> <span class='ocrx_word' id='word_1_56' title='bbox 1105 1105 1311 1191; x_wconf 85' lang='lat' dir='ltr'><strong>ripam</strong></span> <span class='ocrx_word' id='word_1_57' title='bbox 1353 1104 1700 1190; x_wconf 82' lang='lat' dir='ltr'><strong>Euphratis</strong></span> <span class='ocrx_word' id='word_1_58' title='bbox 1745 1103 2114 1169; x_wconf 75' lang='lat' dir='ltr'><strong>accederet:</strong></span> 
     </span>
     <span class='ocr_line' id='line_1_10' title="bbox 285 1207 2160 1296; baseline -0.003 -20"><span class='ocrx_word' id='word_1_59' title='bbox 285 1218 510 1296; x_wconf 89' lang='lat' dir='ltr'><strong>petere</strong></span> <span class='ocrx_word' id='word_1_60' title='bbox 574 1211 834 1276; x_wconf 87' lang='lat' dir='ltr'><strong>interim</strong></span> <span class='ocrx_word' id='word_1_61' title='bbox 892 1233 978 1276; x_wconf 91' lang='lat' dir='ltr'><strong>ne</strong></span> <span class='ocrx_word' id='word_1_62' title='bbox 1031 1209 1346 1274; x_wconf 83' lang='lat' dir='ltr'><strong>Vonones</strong></span> <span class='ocrx_word' id='word_1_63' title='bbox 1405 1209 1474 1272; x_wconf 90' lang='lat' dir='ltr'><strong>in</strong></span> <span class='ocrx_word' id='word_1_64' title='bbox 1519 1207 1708 1292; x_wconf 83' lang='lat' dir='ltr'><strong>Syria</strong></span> <span class='ocrx_word' id='word_1_65' title='bbox 1767 1207 2116 1272; x_wconf 86' lang='lat' dir='ltr'><strong>haberetur</strong></span> <span class='ocrx_word' id='word_1_66' title='bbox 2137 1238 2160 1276; x_wconf 79' lang='lat'><strong>5</strong></span> 
     </span>
     <span class='ocr_line' id='line_1_11' title="bbox 282 1313 2112 1401; baseline -0.002 -21"><span class='ocrx_word' id='word_1_67' title='bbox 282 1336 417 1380; x_wconf 92' lang='lat' dir='ltr'><strong>neu</strong></span> <span class='ocrx_word' id='word_1_68' title='bbox 460 1335 764 1400; x_wconf 88' lang='lat' dir='ltr'><strong>proceres</strong></span> <span class='ocrx_word' id='word_1_69' title='bbox 807 1317 1100 1401; x_wconf 86' lang='lat' dir='ltr'><strong>gentium</strong></span> <span class='ocrx_word' id='word_1_70' title='bbox 1144 1313 1524 1399; x_wconf 88' lang='lat' dir='ltr'><strong>propinquis</strong></span> <span class='ocrx_word' id='word_1_71' title='bbox 1567 1313 1807 1378; x_wconf 89' lang='lat' dir='ltr'><strong>nuntiis</strong></span> <span class='ocrx_word' id='word_1_72' title='bbox 1853 1313 1938 1378; x_wconf 89' lang='lat' dir='ltr'><strong>ad</strong></span> <span class='ocrx_word' id='word_1_73' title='bbox 1984 1313 2112 1377; x_wconf 87' lang='lat' dir='ltr'><strong>dis-</strong></span> 
     </span>
     <span class='ocr_line' id='line_1_12' title="bbox 286 1417 2112 1485; baseline -0.001 -1"><span class='ocrx_word' id='word_1_74' title='bbox 286 1418 541 1484; x_wconf 87' lang='lat' dir='ltr'><strong>cordias</strong></span> <span class='ocrx_word' id='word_1_75' title='bbox 585 1419 893 1485; x_wconf 86' lang='lat' dir='ltr'><strong>traheret.</strong></span> <span class='ocrx_word' id='word_1_76' title='bbox 969 1419 1053 1483; x_wconf 90' lang='lat' dir='ltr'><strong>ad</strong></span> <span class='ocrx_word' id='word_1_77' title='bbox 1100 1440 1178 1484; x_wconf 92' lang='lat' dir='ltr'><strong>ea</strong></span> <span class='ocrx_word' id='word_1_78' title='bbox 1224 1419 1650 1484; x_wconf 76' lang='lat' dir='ltr'><strong>Germanicus</strong></span> <span class='ocrx_word' id='word_1_79' title='bbox 1689 1417 1771 1484; x_wconf 94' lang='lat' dir='ltr'><strong>de</strong></span> <span class='ocrx_word' id='word_1_80' title='bbox 1805 1420 2112 1485; x_wconf 87' lang='lat' dir='ltr'><strong>societate</strong></span> 
     </span>
     <span class='ocr_line' id='line_1_13' title="bbox 286 1515 2114 1609; baseline -0.001 -22"><span class='ocrx_word' id='word_1_81' title='bbox 286 1522 728 1590; x_wconf 88' lang='lat' dir='ltr'><strong>Romanorum</strong></span> <span class='ocrx_word' id='word_1_82' title='bbox 758 1523 1274 1609; x_wconf 86' lang='lat' dir='ltr'><strong>Parthorumque</strong></span> <span class='ocrx_word' id='word_1_83' title='bbox 1307 1523 1666 1608; x_wconf 85' lang='lat' dir='ltr'><strong>magnifice,</strong></span> <span class='ocrx_word' id='word_1_84' title='bbox 1716 1522 1799 1587; x_wconf 93' lang='lat' dir='ltr'><strong>de</strong></span> <span class='ocrx_word' id='word_1_85' title='bbox 1831 1515 2114 1588; x_wconf 84' lang='lat' dir='ltr'><strong>adventu</strong></span> 
     </span>
     <span class='ocr_line' id='line_1_14' title="bbox 286 1627 2112 1711; baseline -0.001 -20"><span class='ocrx_word' id='word_1_86' title='bbox 286 1629 465 1711; x_wconf 86' lang='lat' dir='ltr'><strong>regis</strong></span> <span class='ocrx_word' id='word_1_87' title='bbox 529 1634 594 1694; x_wconf 89' lang='lat' dir='ltr'><strong>et</strong></span> <span class='ocrx_word' id='word_1_88' title='bbox 654 1629 830 1694; x_wconf 92' lang='lat' dir='ltr'><strong>cultu</strong></span> <span class='ocrx_word' id='word_1_89' title='bbox 890 1628 988 1692; x_wconf 88' lang='lat' dir='ltr'><strong>sui</strong></span> <span class='ocrx_word' id='word_1_90' title='bbox 1049 1649 1194 1692; x_wconf 90' lang='lat' dir='ltr'><strong>cum</strong></span> <span class='ocrx_word' id='word_1_91' title='bbox 1242 1628 1478 1692; x_wconf 88' lang='lat' dir='ltr'><strong>decore</strong></span> <span class='ocrx_word' id='word_1_92' title='bbox 1525 1647 1600 1691; x_wconf 89' lang='lat' dir='ltr'><strong>ac</strong></span> <span class='ocrx_word' id='word_1_93' title='bbox 1644 1627 1967 1693; x_wconf 87' lang='lat' dir='ltr'><strong>modestia</strong></span> <span class='ocrx_word' id='word_1_94' title='bbox 2010 1649 2112 1691; x_wconf 89' lang='lat' dir='ltr'><strong>re-</strong></span> 
     </span>
     <span class='ocr_line' id='line_1_15' title="bbox 288 1730 2187 1816; baseline 0 -20"><span class='ocrx_word' id='word_1_95' title='bbox 288 1731 572 1816; x_wconf 83' lang='lat' dir='ltr'><strong>spondit.</strong></span> <span class='ocrx_word' id='word_1_96' title='bbox 648 1731 963 1796; x_wconf 88' lang='lat' dir='ltr'><strong>Vonones</strong></span> <span class='ocrx_word' id='word_1_97' title='bbox 993 1731 1525 1816; x_wconf 90' lang='lat' dir='ltr'><strong>Pompeiopolim</strong></span> <span class='ocrx_word' id='word_1_98' title='bbox 1561 1730 1826 1796; x_wconf 81' lang='lat' dir='ltr'><strong>Ciliciae</strong></span> <span class='ocrx_word' id='word_1_99' title='bbox 1872 1732 2187 1796; x_wconf 89' lang='lat' dir='ltr'><strong>mariti-10</strong></span> 
     </span>
     <span class='ocr_line' id='line_1_16' title="bbox 286 1835 2110 1903; baseline -0.002 0"><span class='ocrx_word' id='word_1_100' title='bbox 286 1859 460 1903; x_wconf 90' lang='lat' dir='ltr'><strong>mam</strong></span> <span class='ocrx_word' id='word_1_101' title='bbox 518 1837 747 1902; x_wconf 89' lang='lat' dir='ltr'><strong>urbem</strong></span> <span class='ocrx_word' id='word_1_102' title='bbox 811 1842 1067 1902; x_wconf 86' lang='lat' dir='ltr'><strong>amotus</strong></span> <span class='ocrx_word' id='word_1_103' title='bbox 1130 1844 1251 1901; x_wconf 86' lang='lat' dir='ltr'><strong>est.</strong></span> <span class='ocrx_word' id='word_1_104' title='bbox 1345 1835 1564 1900; x_wconf 88' lang='lat' dir='ltr'><strong>datum</strong></span> <span class='ocrx_word' id='word_1_105' title='bbox 1614 1835 1684 1899; x_wconf 92' lang='lat' dir='ltr'><strong>id</strong></span> <span class='ocrx_word' id='word_1_106' title='bbox 1738 1855 1874 1900; x_wconf 90' lang='lat' dir='ltr'><strong>non</strong></span> <span class='ocrx_word' id='word_1_107' title='bbox 1915 1837 2110 1900; x_wconf 90' lang='lat' dir='ltr'><strong>modo</strong></span> 
     </span>
     <span class='ocr_line' id='line_1_17' title="bbox 286 1939 2116 2025; baseline 0.001 -21"><span class='ocrx_word' id='word_1_108' title='bbox 286 1940 585 2025; x_wconf 90' lang='lat' dir='ltr'><strong>precibus</strong></span> <span class='ocrx_word' id='word_1_109' title='bbox 627 1939 946 2007; x_wconf 87' lang='lat' dir='ltr'><strong>Artabani</strong></span> <span class='ocrx_word' id='word_1_110' title='bbox 1003 1939 1120 2006; x_wconf 88' lang='lat' dir='ltr'><strong>sed</strong></span> <span class='ocrx_word' id='word_1_111' title='bbox 1180 1941 1608 2008; x_wconf 86' lang='lat' dir='ltr'><strong>contumeliae</strong></span> <span class='ocrx_word' id='word_1_112' title='bbox 1653 1940 1946 2025; x_wconf 77' lang='lat' dir='ltr'><strong>Pisonis,</strong></span> <span class='ocrx_word' id='word_1_113' title='bbox 2015 1942 2116 2005; x_wconf 90' lang='lat' dir='ltr'><strong>cui</strong></span> 
     </span>
     <span class='ocr_line' id='line_1_18' title="bbox 286 2044 2114 2130; baseline -0.001 -21"><span class='ocrx_word' id='word_1_114' title='bbox 286 2046 687 2129; x_wconf 86' lang='lat' dir='ltr'><strong>gratissimus</strong></span> <span class='ocrx_word' id='word_1_115' title='bbox 732 2051 872 2111; x_wconf 87' lang='lat' dir='ltr'><strong>erat</strong></span> <span class='ocrx_word' id='word_1_116' title='bbox 920 2044 1001 2109; x_wconf 94' lang='lat' dir='ltr'><strong>ob</strong></span> <span class='ocrx_word' id='word_1_117' title='bbox 1047 2046 1324 2130; x_wconf 89' lang='lat' dir='ltr'><strong>plurima</strong></span> <span class='ocrx_word' id='word_1_118' title='bbox 1370 2045 1579 2110; x_wconf 84' lang='lat' dir='ltr'><strong>officia</strong></span> <span class='ocrx_word' id='word_1_119' title='bbox 1623 2052 1692 2111; x_wconf 89' lang='lat' dir='ltr'><strong>et</strong></span> <span class='ocrx_word' id='word_1_120' title='bbox 1739 2045 1928 2129; x_wconf 85' lang='lat' dir='ltr'><strong>dona,</strong></span> <span class='ocrx_word' id='word_1_121' title='bbox 1977 2046 2114 2130; x_wconf 91' lang='lat' dir='ltr'><strong>qui-</strong></span> 
     </span>
     <span class='ocr_line' id='line_1_19' title="bbox 286 2151 1272 2217; baseline -0.003 0"><span class='ocrx_word' id='word_1_122' title='bbox 286 2152 407 2217; x_wconf 90' lang='lat' dir='ltr'><strong>bus</strong></span> <span class='ocrx_word' id='word_1_123' title='bbox 450 2151 825 2217; x_wconf 88' lang='lat' dir='ltr'><strong>Plancinam</strong></span> <span class='ocrx_word' id='word_1_124' title='bbox 871 2152 1272 2216; x_wconf 83' lang='lat' dir='ltr'><strong>devinxerat.</strong></span> 
     </span>
    </p>

    <p class='ocr_par' dir='ltr' id='par_1_4' title="bbox 254 2243 2231 3484">
     <span class='ocr_line' id='line_1_20' title="bbox 417 2243 2231 2322; baseline -0.002 -5"><span class='ocrx_word' id='word_1_125' title='bbox 417 2243 521 2322; x_wconf 85' lang='lat'><strong>5.9.</strong></span> <span class='ocrx_word' id='word_1_126' title='bbox 566 2255 656 2320; x_wconf 87' lang='grc' dir='ltr'><strong>Μ.</strong></span> <span class='ocrx_word' id='word_1_127' title='bbox 688 2256 905 2321; x_wconf 83' lang='lat' dir='ltr'><strong>Silano</strong></span> <span class='ocrx_word' id='word_1_128' title='bbox 936 2256 1011 2320; x_wconf 90' lang='lat' dir='ltr'><strong>L.</strong></span> <span class='ocrx_word' id='word_1_129' title='bbox 1036 2255 1346 2320; x_wconf 88' lang='lat' dir='ltr'><strong>Norbano</strong></span> <span class='ocrx_word' id='word_1_130' title='bbox 1380 2255 1750 2321; x_wconf 90' lang='lat' dir='ltr'><strong>consulibus</strong></span> <span class='ocrx_word' id='word_1_131' title='bbox 1776 2253 2114 2319; x_wconf 81' lang='lat' dir='ltr'><strong>Germani·</strong></span> <span class='ocrx_word' id='word_1_132' title='bbox 2228 2310 2231 2314; x_wconf 86' lang='lat'><strong>.</strong></span> 
     </span>
     <span class='ocr_line' id='line_1_21' title="bbox 286 2357 2115 2445; baseline 0 -22"><span class='ocrx_word' id='word_1_133' title='bbox 286 2380 399 2423; x_wconf 89' lang='lat' dir='ltr'><strong>cus</strong></span> <span class='ocrx_word' id='word_1_134' title='bbox 430 2357 809 2445; x_wconf 83' lang='lat' dir='ltr'><strong>Aegyptum</strong></span> <span class='ocrx_word' id='word_1_135' title='bbox 852 2360 1281 2444; x_wconf 87' lang='lat' dir='ltr'><strong>proficiscitur</strong></span> <span class='ocrx_word' id='word_1_136' title='bbox 1320 2359 1814 2445; x_wconf 86' lang='lat' dir='ltr'><strong>cognoscendae</strong></span> <span class='ocrx_word' id='word_1_137' title='bbox 1844 2360 2115 2444; x_wconf 88' lang='lat' dir='ltr'><strong>antiqui·</strong></span> 
     </span>
     <span class='ocr_line' id='line_1_22' title="bbox 282 2464 2113 2549; baseline 0 -22"><span class='ocrx_word' id='word_1_138' title='bbox 282 2464 485 2539; x_wconf 59' lang='lat' dir='ltr'><strong>tatia,</strong></span> <span class='ocrx_word' id='word_1_139' title='bbox 532 2465 648 2529; x_wconf 90' lang='lat' dir='ltr'><strong>sed</strong></span> <span class='ocrx_word' id='word_1_140' title='bbox 685 2486 839 2529; x_wconf 90' lang='lat' dir='ltr'><strong>cura</strong></span> <span class='ocrx_word' id='word_1_141' title='bbox 867 2464 1240 2549; x_wconf 85' lang='lat' dir='ltr'><strong>provinciae</strong></span> <span class='ocrx_word' id='word_1_142' title='bbox 1271 2464 1816 2549; x_wconf 89' lang='lat' dir='ltr'><strong>praetendebatur</strong></span> <span class='ocrx_word' id='word_1_143' title='bbox 1845 2464 2113 2529; x_wconf 85' lang='lat' dir='ltr'><strong>levavit-</strong></span> 
     </span>
     <span class='ocr_line' id='line_1_23' title="bbox 286 2568 2116 2653; baseline 0 -21"><span class='ocrx_word' id='word_1_144' title='bbox 286 2589 411 2653; x_wconf 92' lang='lat' dir='ltr'><strong>que</strong></span> <span class='ocrx_word' id='word_1_145' title='bbox 442 2570 685 2653; x_wconf 89' lang='lat' dir='ltr'><strong>apertis</strong></span> <span class='ocrx_word' id='word_1_146' title='bbox 716 2569 967 2633; x_wconf 89' lang='lat' dir='ltr'><strong>horreis</strong></span> <span class='ocrx_word' id='word_1_147' title='bbox 996 2569 1207 2653; x_wconf 89' lang='lat' dir='ltr'><strong>pretia</strong></span> <span class='ocrx_word' id='word_1_148' title='bbox 1235 2569 1494 2653; x_wconf 86' lang='lat' dir='ltr'><strong>frugum</strong></span> <span class='ocrx_word' id='word_1_149' title='bbox 1522 2568 1852 2653; x_wconf 87' lang='lat' dir='ltr'><strong>multaque</strong></span> <span class='ocrx_word' id='word_1_150' title='bbox 1880 2569 1949 2632; x_wconf 89' lang='lat' dir='ltr'><strong>in</strong></span> <span class='ocrx_word' id='word_1_151' title='bbox 1976 2569 2116 2633; x_wconf 81' lang='lat' dir='ltr'><strong>vul·</strong></span> 
     </span>
     <span class='ocr_line' id='line_1_24' title="bbox 284 2672 2158 2757; baseline 0.002 -21"><span class='ocrx_word' id='word_1_152' title='bbox 284 2693 409 2757; x_wconf 86' lang='lat' dir='ltr'><strong>gus</strong></span> <span class='ocrx_word' id='word_1_153' title='bbox 438 2679 623 2755; x_wconf 85' lang='lat' dir='ltr'><strong>grata</strong></span> <span class='ocrx_word' id='word_1_154' title='bbox 649 2672 1019 2757; x_wconf 84' lang='lat' dir='ltr'><strong>usurpavit:</strong></span> <span class='ocrx_word' id='word_1_155' title='bbox 1068 2672 1203 2737; x_wconf 89' lang='lat' dir='ltr'><strong>sine</strong></span> <span class='ocrx_word' id='word_1_156' title='bbox 1233 2672 1438 2737; x_wconf 90' lang='lat' dir='ltr'><strong>milite</strong></span> <span class='ocrx_word' id='word_1_157' title='bbox 1470 2672 1795 2755; x_wconf 87' lang='lat' dir='ltr'><strong>incedere,</strong></span> <span class='ocrx_word' id='word_1_158' title='bbox 1842 2672 2115 2757; x_wconf 89' lang='lat' dir='ltr'><strong>pedibus</strong></span> <span class='ocrx_word' id='word_1_159' title='bbox 2133 2703 2158 2740; x_wconf 86' lang='lat'>5</span> 
     </span>
     <span class='ocr_line' id='line_1_25' title="bbox 284 2766 2115 2862; baseline 0.001 -23"><span class='ocrx_word' id='word_1_160' title='bbox 284 2776 543 2841; x_wconf 89' lang='lat' dir='ltr'><strong>intectis</strong></span> <span class='ocrx_word' id='word_1_161' title='bbox 590 2782 657 2841; x_wconf 91' lang='lat' dir='ltr'><strong>et</strong></span> <span class='ocrx_word' id='word_1_162' title='bbox 700 2778 840 2862; x_wconf 87' lang='lat' dir='ltr'><strong>pari</strong></span> <span class='ocrx_word' id='word_1_163' title='bbox 886 2797 1031 2842; x_wconf 90' lang='lat' dir='ltr'><strong>cum</strong></span> <span class='ocrx_word' id='word_1_164' title='bbox 1074 2774 1340 2841; x_wconf 80' lang='lat' dir='ltr'><strong>Graecis</strong></span> <span class='ocrx_word' id='word_1_165' title='bbox 1386 2776 1640 2859; x_wconf 84' lang='lat' dir='ltr'><strong>amictu,</strong></span> <span class='ocrx_word' id='word_1_166' title='bbox 1687 2766 1774 2841; x_wconf 71' lang='lat' dir='ltr'><strong>P.</strong></span> <span class='ocrx_word' id='word_1_167' title='bbox 1797 2777 2115 2861; x_wconf 80' lang='lat' dir='ltr'><strong>Scipionis</strong></span> 
     </span>
     <span class='ocr_line' id='line_1_26' title="bbox 285 2878 2114 2967; baseline 0.001 -24"><span class='ocrx_word' id='word_1_168' title='bbox 285 2879 741 2963; x_wconf 89' lang='lat' dir='ltr'><strong>aemulatione,</strong></span> <span class='ocrx_word' id='word_1_169' title='bbox 788 2900 980 2965; x_wconf 91' lang='lat' dir='ltr'><strong>quem</strong></span> <span class='ocrx_word' id='word_1_170' title='bbox 1026 2879 1260 2945; x_wconf 90' lang='lat' dir='ltr'><strong>eadem</strong></span> <span class='ocrx_word' id='word_1_171' title='bbox 1303 2878 1696 2947; x_wconf 84' lang='lat' dir='ltr'><strong>factitavisse</strong></span> <span class='ocrx_word' id='word_1_172' title='bbox 1744 2882 1919 2967; x_wconf 88' lang='lat' dir='ltr'><strong>apud</strong></span> <span class='ocrx_word' id='word_1_173' title='bbox 1959 2883 2114 2947; x_wconf 81' lang='lat' dir='ltr'><strong>Sici-</strong></span> 
     </span>
     <span class='ocr_line' id='line_1_27' title="bbox 283 2983 2112 3070; baseline 0.001 -21"><span class='ocrx_word' id='word_1_174' title='bbox 283 2985 460 3067; x_wconf 89' lang='lat' dir='ltr'><strong>liam,</strong></span> <span class='ocrx_word' id='word_1_175' title='bbox 494 2986 783 3070; x_wconf 85' lang='lat' dir='ltr'><strong>quamvis</strong></span> <span class='ocrx_word' id='word_1_176' title='bbox 810 2985 1124 3070; x_wconf 86' lang='lat' dir='ltr'><strong>flagrante</strong></span> <span class='ocrx_word' id='word_1_177' title='bbox 1155 2983 1368 3048; x_wconf 90' lang='lat' dir='ltr'><strong>adhuc</strong></span> <span class='ocrx_word' id='word_1_178' title='bbox 1388 2984 1762 3050; x_wconf 90' lang='lat' dir='ltr'><strong>Poenorum</strong></span> <span class='ocrx_word' id='word_1_179' title='bbox 1779 2984 1975 3068; x_wconf 78' lang='lat' dir='ltr'><strong>bello,</strong></span> <span class='ocrx_word' id='word_1_180' title='bbox 2009 3008 2112 3051; x_wconf 87' lang='lat' dir='ltr'><strong>ao-</strong></span> 
     </span>
     <span class='ocr_line' id='line_1_28' title="bbox 254 3086 2114 3175; baseline -0.001 -21"><span class='ocrx_word' id='word_1_181' title='bbox 254 3090 596 3175; x_wconf 36' lang='lat' dir='ltr'><strong>·cepimus.</strong></span> <span class='ocrx_word' id='word_1_182' title='bbox 686 3090 981 3153; x_wconf 86' lang='lat' dir='ltr'><strong>Tiberius</strong></span> <span class='ocrx_word' id='word_1_183' title='bbox 1046 3088 1223 3153; x_wconf 88' lang='lat' dir='ltr'><strong>cultu</strong></span> <span class='ocrx_word' id='word_1_184' title='bbox 1281 3086 1630 3173; x_wconf 88' lang='lat' dir='ltr'><strong>habituque</strong></span> <span class='ocrx_word' id='word_1_185' title='bbox 1679 3089 1816 3153; x_wconf 88' lang='lat' dir='ltr'><strong>eius</strong></span> <span class='ocrx_word' id='word_1_186' title='bbox 1861 3089 2114 3154; x_wconf 86' lang='lat' dir='ltr'><strong>lenibus</strong></span> 
     </span>
     <span class='ocr_line' id='line_1_29' title="bbox 284 3192 2186 3278; baseline 0.002 -19"><span class='ocrx_word' id='word_1_187' title='bbox 284 3194 502 3259; x_wconf 82' lang='lat' dir='ltr'><strong>verbis</strong></span> <span class='ocrx_word' id='word_1_188' title='bbox 546 3194 885 3278; x_wconf 89' lang='lat' dir='ltr'><strong>perstricto</strong></span> <span class='ocrx_word' id='word_1_189' title='bbox 936 3194 1246 3258; x_wconf 89' lang='lat' dir='ltr'><strong>acerrime</strong></span> <span class='ocrx_word' id='word_1_190' title='bbox 1291 3192 1613 3277; x_wconf 88' lang='lat' dir='ltr'><strong>increpuit</strong></span> <span class='ocrx_word' id='word_1_191' title='bbox 1657 3192 1834 3277; x_wconf 92' lang='lat' dir='ltr'><strong>quod</strong></span> <span class='ocrx_word' id='word_1_192' title='bbox 1893 3199 2112 3258; x_wconf 85' lang='lat' dir='ltr'><strong>contra</strong></span> <span class='ocrx_word' id='word_1_193' title='bbox 2133 3222 2186 3262; x_wconf 90' lang='lat'><strong>10</strong></span> 
     </span>
     <span class='ocr_line' id='line_1_30' title="bbox 284 3291 2110 3382; baseline 0.001 -22"><span class='ocrx_word' id='word_1_194' title='bbox 284 3296 581 3362; x_wconf 88' lang='lat' dir='ltr'><strong>instituta</strong></span> <span class='ocrx_word' id='word_1_195' title='bbox 635 3291 918 3380; x_wconf 81' lang='lat' dir='ltr'><strong>Augusti</strong></span> <span class='ocrx_word' id='word_1_196' title='bbox 974 3318 1108 3362; x_wconf 92' lang='lat' dir='ltr'><strong>non</strong></span> <span class='ocrx_word' id='word_1_197' title='bbox 1165 3302 1399 3381; x_wconf 88' lang='lat' dir='ltr'><strong>sponte</strong></span> <span class='ocrx_word' id='word_1_198' title='bbox 1457 3296 1764 3382; x_wconf 90' lang='lat' dir='ltr'><strong>principis</strong></span> <span class='ocrx_word' id='word_1_199' title='bbox 1822 3294 2110 3362; x_wconf 82' lang='lat' dir='ltr'><strong>Alexan-</strong></span> 
     </span>
     <span class='ocr_line' id='line_1_31' title="bbox 288 3399 2109 3484; baseline 0.002 -18"><span class='ocrx_word' id='word_1_200' title='bbox 288 3402 493 3466; x_wconf 86' lang='lat' dir='ltr'><strong>driam</strong></span> <span class='ocrx_word' id='word_1_201' title='bbox 521 3401 871 3467; x_wconf 85' lang='lat' dir='ltr'><strong>introisset.</strong></span> <span class='ocrx_word' id='word_1_202' title='bbox 934 3422 1085 3466; x_wconf 89' lang='lat' dir='ltr'><strong>nam</strong></span> <span class='ocrx_word' id='word_1_203' title='bbox 1106 3399 1443 3484; x_wconf 83' lang='lat' dir='ltr'><strong>Augustus</strong></span> <span class='ocrx_word' id='word_1_204' title='bbox 1473 3399 1643 3463; x_wconf 92' lang='lat' dir='ltr'><strong>inter</strong></span> <span class='ocrx_word' id='word_1_205' title='bbox 1673 3400 1797 3465; x_wconf 91' lang='lat' dir='ltr'><strong>alia</strong></span> <span class='ocrx_word' id='word_1_206' title='bbox 1822 3400 2109 3469; x_wconf 88' lang='lat' dir='ltr'><strong>domina-</strong></span> 
     </span>
    </p>
   </div>
  </div>
 </body>
</html>
